2978 4988
138 373 216 453 208
560 371 1004 450 ANNO'I‘A'I'IONES.

143 613 218 674 baec
240 629 316 693 aqua
338 612 464 670 vocatur
485 607 617 668 caduco.
659 608 816 689 Loquendi
836 626 934 685 genus
955 607 1112 688 optimum,
1137 612 1168 668 ut
1189 608 1295 670 videre
1318 613 1367 671 eet
1387 628 1426 671 cx

141 728 193 806 lis,
216 745 291 810 quae
313 727 344 786 iu
367 723 530 786 l'orcellin.
552 741 651 802 nuper
672 724 747 784 edit.
769 724 940 785 alleruntur.

226 838 392 920 caducam}
420 839 500 927 Quid
522 841 564 899 sit
584 858 667 921 oque
688 839 827 915 caduco,
856 840 987 901 diximus
1008 840 1045 901 aul
1066 842 1137 902 Art.
1161 848 1210 903 65.
1232 839 1428 904 Kcucbeuiue

142 959 240 1019 adfert
268 957 398 1018 Varron.
427 957 464 1017 do
492 955 539 1016 Re
571 956 661 1017 liunt.
689 954 745 1016 lll.
773 960 810 1034 5,
843 955 895 1016 ubi
929 975 1013 1037 aqua
1043 956 1167 1017 caduca
1193 961 1321 1018 vocatur
1349 977 1429 1040 quoe

141 1073 289 1136 abundat.
332 1072 402 1134 Pol.
424 1074 572 1152 provocat
594 1073 681 1133 etiam
703 1071 741 1132 ad
771 1070 922 1147 Scaliger.
965 1068 1103 1133 Coniect.
1124 1072 1163 1132 ad
1184 1072 1315 1138 Varrou.
1336 1073 1373 1136 1..
1393 1075 1429 1136 1..

142 1191 199 1269 lv,
228 1190 278 1251 ubi
306 1207 388 1272 aqua
417 1188 537 1249 caduca
565 1205 605 1248 ex
632 1188 775 1249 Frontino
804 1187 951 1248 definitur.
999 1186 1136 1250 Omnium
1166 1192 1266 1250 autom
1295 1189 1429 1250 locorum

143 1307 245 1370 nullus
261 1307 387 1367 exsistit
407 1304 549 1382 grauior,
572 1321 656 1385 quam
678 1307 794 1382 noster,
817 1321 858 1365 ex
878 1322 937 1385 quo
961 1305 1050 1366 etiam
1070 1304 1214 1366 vocabuli
1230 1305 1430 1384 cognoscitur

144 1425 245 1501 origo,
267 1441 352 1504 quam
373 1419 461 1481 morlo
480 1421 701 1480 constituimus.

226 1543 258 1601 ie
277 1536 400 1620 publico
423 1531 661 1618 impenderetur)
695 1536 778 1599 Raro
806 1536 926 1618 quidem
953 1536 995 1598 ita
1022 1537 1216 1615 couiuugitur
1241 1537 1428 1620 impendere,

145 1655 337 1731 coniungitur
358 1658 465 1714 tameo
507 1651 592 1713 Paul.
613 1653 689 1729 Dig.
711 1656 763 1730 21,
787 1658 817 1730 1,
839 1656 898 1714 31:
919 1652 956 1714 Ic
977 1657 1116 1735 opsonio,
1137 1660 1192 1715 aut
1212 1656 1244 1715 ire
1259 1659 1427 1735 ιιιιριιειιιίε,

144 1780 201 1835 aut
219 1770 345 1832 ciboriis
363 1769 506 1849 familiae
524 1773 684 1849 pecuniam
706 1767 887 1849 impendere.

227 1884 462 1949 concedentibus
482 1881 625 1967 reliquie)
655 1884 812 1971 Quomodo
834 1878 915 1944 booi
942 1883 1008 1946 vix
1028 1885 1104 1946 enim
1126 1883 1273 1967 „reliqoi“
1298 1887 1428 1948 interro·

142 2004 297 2080 gabautur.
351 2001 414 2064 Sed
436 2003 480 2062 sic
504 2003 691 2080 interpretari
712 1999 824 2061 licebat
844 2000 923 2081 apud
945 2002 1022 2061 istos
1044 2019 1104 2061 oon
1125 2000 1216 2062 valle
1238 2001 1427 2084 „autiquoo“,

143 2122 172 2182 ui
191 2119 343 2199 princibus
372 2119 448 2178 viris
469 2117 592 2178 dabatur
611 2115 723 2198 aliquid
744 2119 864 2197 praetor
885 2116 986 2196 leges,
1008 2117 1056 2178 oui
1077 2134 1136 2179 nou
1157 2122 1364 2197 repugnarent
1378 2136 1428 2180 re·

142 2235 227 2319 rrqu.
248 2233 385 2298 uururu

760 2438 916 2497 95..

225 2605 248 2646 a
269 2583 470 2667 Ceucorilue)
495 2583 562 2647 Cic.
585 2586 622 2646 cle
644 2585 723 2661 Leg.
745 2583 800 2646 lll.
823 2587 854 2662 3,
868 2586 903 2645 i:
926 2583 1179 2647 Censores-urbia
1198 2585 1322 2667 templa,
1343 2589 1424 2663 ciue,

143 2721 255 2785 eqeue,
278 2707 442 2778 cerarium,
458 2701 626 2781 ceruicalia
646 2709 759 2762 tuento.

225 2819 270 2880 ud
290 2839 374 2881 urum
393 2817 481 2897 publ.
501 2812 682 2898 pertineret)
707 2819 727 2876 i.
750 2816 788 2876 ad
809 2834 895 2876 usum
916 2817 1033 2879 aerarii.
1054 2815 1193 2880 HElNll.
1220 2818 1240 2882 i.
1262 2837 1290 2882 c.
1312 2818 1428 2880 civitati

143 2936 223 3014 usui,
245 2935 266 2995 i.
289 2954 316 2997 c.
338 2933 469 3008 utilitati,
491 2936 585 2993 esset.
630 2930 679 2994 Ci.
700 2931 769 2992 Art
786 2933 844 2991 94:
866 2939 991 3013 natoue
1010 2936 1190 3014 verticalis,
1211 2945 1329 2997 elotum
1348 2956 1429 2998 mer-

144 3049 230 3125 cede,
253 3070 330 3129 cuoe
344 3053 377 3111 ic
396 3049 521 3132 publico
543 3046 775 3130 impenderetur.
819 3045 894 3110 Sob.
917 3047 971 3109 Vl.
995 3052 1051 3111 16:
1074 3049 1118 3110 ad
1135 3050 1242 3131 ficem
1260 3052 1427 3133 publicum.

759 3250 811 3308 96.

231 3395 385 3478 Toletum)
407 3397 478 3460 Art.
503 3403 581 3459 114:
605 3396 785 3460 custodiam.
828 3393 1064 3462 Conseruation.
1107 3396 1261 3479 Scaliger.
1289 3401 1329 3462 acl
1349 3395 1429 3463 vara

144 3533 210 3576 roo.
232 3533 263 3594 p.
287 3518 358 3579 lia.
379 3516 448 3594 Bip.
471 3514 539 3575 Art.
561 3517 621 3575 98:
644 3522 787 3576 tueretur.
808 3513 948 3575 Ebibit.
991 3514 1051 3575 viu
1072 3515 1109 3575 ad
1130 3515 1199 3577 Asu.
1224 3521 1292 3580 lll.

226 3630 413 3710 circulorum
443 3631 607 3711 uquarum)
641 3631 661 3690 i.
691 3648 721 3692 e.
744 3629 932 3707 singulorum
954 3631 1204 3712 aquaeductuum
1237 3637 1270 3695 ut
1297 3633 1430 3717 loquitur

143 3745 305 3808 l'rontinus
326 3746 395 3808 Art.
420 3750 479 3807 119
502 3743 562 3826 (ud
582 3746 705 3808 tutelam
727 3741 898 3826 ductuum).
941 3747 1072 3809 Eandem
1094 3748 1235 3810 vocabuli
1257 3769 1340 3831 aqua
1361 3751 1431 3826 sig-

144 3862 345 3925 nificationem
371 3861 527 3923 habuimus
555 3861 625 3924 Art.
648 3870 686 3923 3:
720 3865 770 3923 tue
795 3862 975 3924 tuendorum
1002 3883 1106 3925 eorum
1132 3861 1318 3947 (aquarum).
1361 3868 1429 3928 Art.

144 3981 209 4043 94:
248 3982 297 4039 ius
332 3978 464 4040 tuendae
494 3998 594 4062 oquae
607 3977 681 4040 -cd
708 3980 842 4059 iptorum
871 3978 1014 4042 ductuum
1037 3984 1174 4062 pertinet
1204 3982 1337 4045 tutelam.
1381 3979 1431 4045 Gi.

144 4090 285 4157 limito.
307 4093 344 4154 ao
365 4094 436 4155 Art.
461 4101 488 4155 1.

227 4212 259 4270 in
280 4211 463 4290 ministerio)
484 4210 708 4289 Marcellbig.
731 4215 783 4291 32,
805 4216 864 4279 ol:
885 4211 1015 4277 Maecio
1032 4218 1280 4291 omneeiuuenee,
1302 4231 1380 4298 quoe
1400 4216 1432 4274 ie

143 4327 309 4386 ministerio
332 4324 439 4400 labeo,
463 4327 531 4388 dori
551 4328 635 4390 uolo.

182 4510 187 4521 ι
228 4459 351 4523 operum
370 4440 615 4525 probandorum]
647 4445 785 4506 Brissou.
807 4465 840 4506 v.
861 4443 1010 4526 probare,
1039 4465 1070 4508 ιι.
1093 4454 1123 4509 3.
1158 4447 1430 4510 lnlraArt.105:

146 4553 274 4618 eeieem
285 4557 430 4639 prolerre.
452 4557 592 4628 lllllNlt.
615 4559 688 4624 Sch.
701 4561 775 4639 „dur
788 4559 933 4624 Gesebalt
945 4564 999 4626 der
1008 4562 1146 4642 Proluug
1155 4562 1236 4626 ihrer
1246 4561 1430 4628 Arboitcu·“
