2978 4988
374 356 447 432 llll
466 355 656 451 AOUAE
681 357 963 439 DUUTIBUS.

82 589 146 665 diis
173 615 216 666 ae
240 590 478 690 voluptatibus
502 592 633 665 nostris
660 592 852 666 oonurlisse
864 614 950 667 sese
963 590 1152 688 medentis
1168 593 1263 690 quod

82 720 211 781 tantam
237 709 374 807 eopiarn
400 707 536 801 adiecit,
564 707 631 780 nisi
659 731 735 782 earn
760 708 872 806 ipsam
892 709 1122 784 sinceriorem
1134 709 1262 784 iuoun-

82 823 284 920 dioremque
311 823 443 896 iaciat?
495 822 640 921 Operae
665 828 814 920 pretium
840 834 906 920 est
941 826 992 899 ire
1018 850 1082 924 per
1106 827 1259 925 singula,

82 965 144 1038 per
170 962 260 1037 quae
285 939 343 1014 ille
370 938 586 1013 occurrendo
611 940 708 1013 vitiis
743 938 956 1036 quarundam
988 942 1166 1015 universis
1194 941 1262 1016 ad·

82 1057 165 1130 iecit
193 1055 379 1151 utilitatem.
430 1053 571 1128 Etenim
598 1053 734 1150 quando
761 1056 885 1129 civitas
911 1046 1050 1153 nostra,
1087 1081 1166 1130 eum
1203 1059 1264 1132 vel

82 1173 203 1269 exigui
229 1171 359 1244 imbres
385 1181 681 1267 supervenerant
701 1196 770 1245 non
796 1171 1014 1248 turbulentas
1047 1174 1265 1271 limosasque

82 1310 193 1383 aquas
220 1286 363 1361 babuit?
413 1286 495 1360 Nee
522 1288 601 1382 quia
627 1285 694 1360 boe
719 1288 898 1361 universis
924 1288 968 1363 ab
996 1289 1131 1386 origine
1158 1301 1263 1365 natu·

83 1428 141 1476 rae
169 1415 237 1496 est,
265 1414 324 1476 aut
349 1403 428 1499 quia
453 1401 548 1476 isturl
574 1403 826 1478 incommodum
854 1405 984 1477 sentire
1010 1404 1160 1479 debeant
1182 1416 1266 1503 quot

83 1520 265 1616 capiuntur
291 1543 337 1592 ex
364 1518 535 1610 lontibus3
571 1523 606 1591 in
640 1523 763 1616 primis
788 1520 925 1594 Mareia
952 1532 988 1593 et
1013 1518 1186 1620 Claudia,
1222 1547 1265 1598 ao

84 1637 250 1732 reliquae,
279 1659 423 1732 quarum
449 1632 626 1731 splendor,
654 1660 675 1706 a
701 1636 814 1734 eapite
840 1637 987 1735 integer,
1015 1636 1097 1711 nihil
1119 1647 1178 1712 aut
1193 1640 1263 1712 mi-

123 2018 328 2102 ouarundum)
351 2015 419 2080 soil.
437 2035 586 2100 aquarum.
608 2015 784 2080 Emendatio
808 2021 858 2080 est
879 2015 954 2082 Solu.
977 2023 1009 2084 et
1029 2018 1134 2083 Heinr.
1155 2020 1256 2085 Antea

84 2119 278 2200 quorundam.

123 2217 258 2292 adiecit)
280 2216 310 2280 V
330 2217 369 2280 F:
392 2216 531 2281 adducit.

123 2317 245 2400 quaudo
268 2320 347 2391 cio.)
384 2318 422 2379 F:
450 2336 528 2399 quus
548 2318 609 2380 civ.
629 2325 757 2378 nostra:
777 2316 829 2380 vel
849 2333 936 2399 quom
955 2336 1005 2381 eu.
1025 2315 1174 2398 hymbrae.
1216 2318 1262 2381 V:

82 2426 190 2479 nostra
211 2416 272 2478 vel.
294 2436 344 2479 ex.
365 2415 460 2495 lyme.
482 2417 507 2477 B
529 2417 561 2476 et
581 2414 620 2476 el.
637 2429 704 2476 reo:
725 2415 778 2477 vel
792 2435 867 2478 eum.

123 2515 183 2578 boc
204 2546 244 2558 -—
265 2520 411 2589 naturae)
432 2515 514 2576 Fert.
541 2513 799 2578 bueoss-nutura.
836 2513 969 2577 Sensus:
992 2532 1051 2577 non
1071 2514 1130 2579 boo
1161 2514 1264 2578 natural

85 2613 221 2700 omnibus
243 2614 372 2676 insitum.
394 2612 533 2675 lllllNR.
567 2611 610 2677 C:
631 2612 711 2676 bueo
730 2621 852 2674 natura.
874 2612 937 2675 Sed
957 2610 1000 2678 U:
1021 2614 1100 2676 boec
1119 2621 1260 2679 naturae.

85 2716 116 2775 et
136 2715 231 2776 ueteri
253 2713 323 2775 libri
344 2727 464 2775 omnes:
486 2713 606 2775 boe-—
621 2721 761 2776 naturae.
805 2711 893 2799 Quod
914 2712 1026 2774 rectius
1048 2713 1191 2775 iudicavi.
1229 2712 1264 2776 lrl

84 2818 181 2874 temen
203 2812 416 2875 dubitationem
440 2813 544 2891 movit,
567 2812 647 2894 quod
669 2812 700 2873 in
723 2810 749 2876 U
770 2809 850 2872 baud
871 2811 999 2874 obscure
1021 2811 1179 2875 scribitur:
1202 2832 1263 2875 nu-

84 2899 206 2989 mme,
228 2912 249 2972 l.
272 2930 299 2972 e.
321 2915 424 2972 nature
446 2915 512 2987 esl3
551 2912 631 2992 quod
653 2912 784 2974 fortusse
807 2915 952 2991 oeperunt
970 2929 1027 2990 pro
1048 2922 1191 2992 naturae,
1212 2913 1263 2975 lu-

86 3015 182 3093 deque
204 3013 233 3073 in
254 3010 393 3090 praeced.
416 3011 563 3071 nutarunt
583 3008 652 3075 boe.
673 3009 760 3073 Vl':
782 3009 820 3073 ab
843 3014 958 3092 erloino
978 3029 1040 3073 non
1062 3019 1120 3073 eet.

126 3110 257 3174 debeant
276 3115 365 3192 quot)
406 3107 472 3169 Pol.
495 3111 526 3169 et
546 3109 748 3187 posteriores:
780 3127 867 3190 quae.
908 3110 953 3172 At
980 3125 1054 3170 vero
1081 3110 1101 3171 J
1131 3112 1163 3171 et
1190 3126 1259 3173 reo:

85 3211 176 3294 quod.
220 3207 263 3272 U:
285 3206 396 3271 debeat
422 3207 513 3290 quod.
536 3206 662 3289 denique
684 3205 710 3270 U
732 3207 762 3268 V
782 3206 822 3271 F:
861 3206 970 3269 debeat
991 3214 1072 3289 quot.
1108 3208 1260 3270 Attendas
1311 3263 1313 3266 Α

85 3327 203 3390 precor,
227 3304 299 3369 inC
321 3305 498 3367 vocabulum
522 3315 594 3387 quot
614 3306 732 3365 exarari
754 3323 810 3386 per
831 3305 1035 3385 compendium
1057 3325 1076 3390 q
1103 3306 1263 3368 subnotata

85 3409 165 3471 linea
186 3405 385 3479 oirounrtlexa,
406 3403 504 3467 bloet
524 3406 592 3466 Art.
615 3408 654 3466 28
677 3408 725 3475 (et
742 3422 800 3484 per
821 3413 895 3488 quot
914 3410 1011 3480 cust.)
1041 3408 1073 3466 el
1099 3404 1169 3466 Art.
1205 3408 1263 3467 loo

85 3507 174 3591 (quot
195 3504 342 3585 babeam:
363 3503 442 3584 quod
464 3504 668 3584 compendium
690 3502 762 3564 alibi
784 3502 936 3582 signifieat
957 3503 1039 3586 quod
1061 3503 1118 3576 (el.
1134 3502 1171 3563 ad
1192 3503 1261 3566 Art.

86 3607 154 3681 13).
184 3589 247 3691 Qui
263 3601 340 3664 illud
359 3602 519 3685 pro-quod
541 3603 709 3682 rapiebant,
731 3603 905 3675 necessario
927 3603 1078 3663 mutabunt
1099 3601 1187 3664 eliam
1204 3601 1262 3665 de·

87 3702 178 3780 beau
198 3706 286 3785 alque
306 3701 409 3782 miror,
432 3701 518 3764 etiarn
541 3705 704 3784 capiuntur
724 3719 783 3763 uon
806 3702 928 3763 eandem
950 3703 1060 3762 sortem
1083 3700 1201 3765 tulisse.

123 3801 204 3866 aiut:
224 3807 280 3862 aut
297 3803 383 3875 ntia.)
426 3800 456 3863 V
476 3799 513 3863 F:
534 3803 596 3863 niel
616 3804 807 3864 eutolmium
825 3799 936 3883 pluvia
956 3802 1136 3883 inquinatur.
1159 3802 1191 3863 et
1210 3803 1262 3863 in-

86 3904 227 3985 quinatus
247 3896 358 3961 babent
379 3900 467 3962 etlam
489 3899 516 3964 U
538 3898 576 3962 U.

124 4009 221 4082 putea
236 4004 332 4073 exst.)
354 3997 457 4075 Lege:
478 4005 580 4081 puteis
601 4003 767 4063 exstructis
788 3998 936 4063 obtectae.
957 3998 1069 4062 Fontes
1091 4000 1175 4062 dicit.
1191 4000 1262 4063 Art.

91 4102 146 4160 19:
169 4100 467 4180 conlectispa'scinia.
488 4098 632 4162 Sobueid.
653 4099 818 4161 advitruv.
840 4103 861 4159 8
881 4118 914 4179 p.
938 4100 1000 4160 142
1020 4102 1099 4162 extr.
1118 4096 1260 4160 HllINR.

88 4195 312 4278 mentastram
333 4196 478 4278 dedimus,
500 4200 620 4278 integra
639 4201 760 4260 servata
782 4198 880 4261 estin
901 4195 927 4260 U
950 4195 1061 4278 U<nisi
1083 4198 1164 4279 quod
1185 4198 1216 4258 ln
1238 4193 1265 4258 U

89 4295 176 4358 deest
195 4297 255 4376 et).
292 4293 366 4359 cum
383 4297 493 4358 celeris
514 4296 599 4360 libris
619 4296 694 4361 Pol:
719 4301 806 4379 putei
827 4301 977 4361 exstructi
998 4305 1029 4358 et
1044 4295 1165 4358 obiecti.
1189 4293 1268 4360 Sob:

89 4395 210 4460 scilieet
228 4397 330 4476 puleio
353 4399 519 4460 exstructio
539 4405 572 4460 et
590 4396 726 4473 obiectio.
748 4397 844 4461 Etiam
864 4404 983 4483 puteum
997 4397 1120 4457 veteres
1134 4393 1261 4458 Romani

1009 4493 1082 4561 65

1313 356 1362 434 83
