2978 4988
525 348 945 435 unemundus.
1019 342 1023 347 ’

192 589 372 689 negotium
404 610 474 663 non
507 586 707 662 sufficiebat
744 587 896 686 spatium
927 585 1136 681 Praeturac,
1183 585 1218 661 in
1251 604 1378 662 annunt

192 708 340 781 alterurn
373 713 430 780 est
461 712 700 803 prorogatum.
754 703 814 780 Eo
846 712 1009 802 tempore
1039 701 1269 800 Decemviri,
1296 702 1378 776 dum

191 821 271 897 aliis
310 846 357 896 ex
394 821 515 894 causis
557 820 667 894 libros
705 817 904 919 Sibyllinos
948 819 1145 919 inspiciunt,
1195 819 1380 893 iuvenisse

192 937 363 1033 dicuntur,
389 960 459 1010 uon
485 958 571 1009 esse
597 958 723 1033 nquam
746 935 931 1031 Marciam,
957 933 1025 1009 scd
1047 934 1165 1034 potius
1184 933 1377 1031 Anionem,

192 1052 312 1128 -de
345 1052 413 1128 hoc
447 1053 539 1127 euim
572 1050 791 1126 constantius
824 1049 971 1125 traditur
993 1087 1055 1148 ·--,
1093 1051 1129 1124 in
1162 1048 1379 1149 Capitolium

193 1166 472 1267 perducendam
500 1166 614 1264 deque
639 1191 683 1241 ea
706 1191 746 1243 re
772 1168 808 1241 in
828 1164 967 1245 Senatu
992 1164 1184 1265 alrcpido,
1212 1166 1277 1265 pro
1299 1166 1379 1241 col·

193 1284 278 1383 lega
306 1285 418 1360 verba
449 1284 610 1378 faciente,
649 1293 766 1358 actum
790 1283 912 1382 Appio
938 1281 1102 1380 Claudio,
1142 1277 1190 1374 0.
1216 1279 1380 1360 Caecilio

139 1410 142 1414 “
193 1398 319 1497 coss,
368 1400 584 1496 eandemque
621 1409 704 1498 post
740 1422 867 1474 annum
904 1400 1042 1473 tertium
1079 1419 1101 1472 a
1137 1397 1184 1472 L.
1222 1396 1380 1472 Lentulo

193 1525 432 1591 retractatam:
472 1514 539 1589 sed
563 1523 712 1612 utroque
735 1525 893 1614 tempore
918 1515 1053 1590 vicisse
1077 1515 1227 1613 gratiam
1250 1513 1380 1588 Marcii

195 1632 334 1731 Regis,
373 1642 478 1731 atque
510 1631 557 1705 ita
590 1631 625 1704 in
653 1630 867 1729 Capitolium
901 1653 987 1705 esse
1012 1654 1138 1727 aquam
1163 1627 1378 1730 perductam.

196 1747 406 1846 Concinitur
429 1749 566 1822 Marcia
600 1748 659 1820 via
682 1747 840 1844 Valeria,
882 1746 928 1821 ad
958 1747 1154 1821 milliarium
1185 1743 1378 1843 XXXVI,

195 1862 402 1938 diverticulo
443 1865 606 1938 euntibus
648 1863 691 1938 ab
724 1863 813 1938 urbe
845 1860 963 1937 Roma
993 1861 1203 1938 dextrorsus
1236 1861 1380 1937 millium

194 1974 367 2077 passuum
403 1981 516 2054 trium.
567 1977 783 2059 Sublacensi
819 1989 947 2078 autern,
1001 2000 1092 2078 quae
1127 1978 1195 2053 sub
1232 1978 1381 2077 Nerone

92 2159 323 2180 -σ--ι-

193 2250 305 2311 iunctis
326 2250 357 2310 in
378 2248 437 2309 imo
458 2249 590 2329 priorum
612 2248 755 2310 unitatum
775 2245 926 2327 apicibus,
947 2244 1084 2328 plurIbus
1099 2241 1295 2307 suadentibus
1309 2262 1381 2306 csse

195 2349 418 2411 emendandum.
465 2345 555 2409 P0b.
603 2346 700 2410 Etiam
728 2347 774 2412 Vt
800 2345 946 2410 XXXIII.
988 2344 1051 2409 Scd
1081 2343 1107 2408 0
1135 2347 1167 2408 ct
1193 2343 1221 2407 U
1246 2341 1382 2407 Fubrctti

194 2448 431 2511 emendationem
453 2448 583 2525 egregio
604 2447 771 2526 stabiliunt,
793 2449 827 2508 ut
845 2447 925 2508 uidit
946 2446 1035 2506 ctiam
1051 2441 1125 2506 Scb.

234 2547 312 2608 mill.
331 2566 367 2629 p.
388 2551 488 2609 trium.
508 2547 653 2619 Subduc.)
696 2545 780 2610 Libri
799 2546 909 2624 millio,
930 2561 986 2624 pro
1007 2543 1115 2606 millio.
1137 2542 1215 2607 vm
1234 2561 1383 2626 pascuum

199 2642 255 2708 VI.
296 2644 372 2707 Turn
394 2646 425 2706 in
446 2643 473 2706 0
494 2648 650 2727 pergiturz
677 2648 711 2708 ci
734 2644 862 2707 Subduc.
890 2642 960 2704 inJ
988 2644 1019 2703 ct
1039 2656 1107 2704 rect
1148 2643 1229 2704 cilia
1254 2641 1382 2704 Subduc.

194 2742 376 2824 Corruptum
397 2741 441 2805 111
463 2742 493 2804 in
515 2744 576 2825 Vl,
605 2749 639 2808 ut
658 2763 751 2824 supro
769 2740 906 2804 XXXVI
927 2743 957 2802 iu
978 2741 1123 2802 XXXIII.
1165 2743 1278 2804 Postca
1306 2758 1382 2802 vero

194 2860 236 2904 ex
256 2860 378 2904 numero
400 2841 445 2905 Vl
467 2843 576 2905 facturn
597 2843 776 2906 vocobulum
796 2845 840 2922 oi,
862 2842 953 2923 idque
974 2859 1079 2902 rursus
1101 2843 1220 2904 transiit
1240 2841 1271 2902 in
1291 2836 1383 2902 vida.

194 2939 269 3005 Scb.
295 2938 351 3023 (11.
373 2938 411 3024 6)
442 2943 587 3019 corrigitc
611 2943 670 3004 illc
689 2941 817 3004 Subduc.
860 2939 930 3017 bigo
956 2958 1032 3002 vcro
1062 2960 1127 3004 cunr
1158 2932 1326 3021 Opsopoco
1354 2940 1386 3003 et

190 3039 352 3104 Scriverio
375 3040 488 3107 malin:
508 3045 563 3104 cia
582 3040 722 3120 Sublac,
745 3044 778 3104 ut
799 3040 932 3122 loquitur
952 3039 1112 3104 Frontinus
1128 3040 1197 3104 Art.
1222 3044 1259 3103 14
1276 3044 1309 3105 et
1326 3044 1383 3117 153

195 3137 270 3203 iicet
288 3137 349 3202 boc
369 3159 490 3222 quoquc
511 3159 570 3203 uon
591 3141 633 3202 sit
654 3142 771 3203 omuino
793 3141 1007 3202 necessarium.

234 3244 335 3302 autem
355 3235 452 3323 qnae)
474 3239 652 3304 contrahunt
672 3237 704 3303 V
724 3242 756 3302 ct
777 3240 846 3302 cdd.
867 3240 898 3301 in
919 3248 1022 3325 atquc.

234 3335 280 3400 ad
298 3338 376 3400 mill.
398 3335 566 3421 XXXVI]
586 3361 619 3404 v.
639 3337 766 3405 Annuit·

234 3441 317 3500 intra
337 3442 470 3522 epatium
489 3469 530 3483 —
548 3439 716 3523 peruiride]
759 3458 791 3503 v.
811 3438 937 3504 nnnott

234 3523 346 3628 [ξ’-1.)
387 3539 468 3601 Bet
488 3537 528 3600 al.
550 3556 620 3605 rec:
642 3523 719 3603 IX

235 3634 529 3732 QCCXLVII)
577 3637 642 3702 VJ
664 3642 695 3702 et
715 3654 785 3707 rec:
807 3668 850 3687 -·
871 3636 1043 3705 cebxvfl
1065 3629 1143 3716 (LX
1163 3653 1219 3720 pro
1237 3633 1323 3722 XL).

241 3733 563 3816 Vluooccnxm)
598 3737 840 3800 1101111111-
862 3737 1029 3806 ccccxl,
1054 3738 1132 3817 (XL
1152 3757 1208 3824 pro
1235 3736 1324 3823 LX).

236 3854 277 3897 ec
297 3851 347 3897 ec.
369 3835 473 3916 lonp.)
516 3856 567 3916 cn,
589 3838 620 3899 in
640 3836 727 3900 libris
749 3841 910 3920 omissum,
940 3840 1024 3901 rcctc
1050 3842 1185 3903 restituit
1205 3834 1273 3904 Pol.
1294 3861 1326 3904 v.
1348 3838 1386 3906 od

194 3932 264 3998 Art
287 3938 317 3997 b.

233 4033 282 4116 pl.
305 4034 386 4097 locis
406 4051 477 4118 sup.
497 4043 589 4117 porte
607 4037 694 4118 cal.)
721 4038 798 4101 Post
824 4036 891 4101 Pol.
920 4052 960 4099 cx
987 4032 1015 4100 U
1040 4040 1200 4118 vulgatur:
1229 4035 1278 4124 pt.
1306 4041 1387 4104 locta

193 4151 254 4216 per
280 4132 321 4197 P.
349 4133 391 4197 11.
416 4135 544 4212 calleo,
578 4138 820 4218 interpretatum:
855 4155 942 4219 „Per
966 4139 1079 4222 populi
1103 4140 1235 4203 Romani
1261 4140 1387 4219 callen

196 4233 278 4316 quod
306 4251 384 4313 opus
413 4235 452 4295 ud
479 4236 673 4298 traiiciendas
701 4238 800 4300 valles
827 4238 1004 4317 pracsertim
1040 4237 1297 4318 compatronus
1341 4239 1384 4305 Gt

193 4333 243 4415 pl.
270 4332 351 4395 locis
371 4333 411 4398 P.
433 4334 475 4398 11.
496 4336 604 4399 valtis.
648 4336 695 4403 Vt
714 4337 762 4419 pl.
786 4338 866 4399 locis
885 4358 944 4421 pro
970 4321 1004 4422 p:
1028 4346 1060 4400 et
1086 4336 1118 4398 d.
1142 4338 1256 4400 valles.
1299 4339 1385 4402 Eddt

191 4432 241 4514 pl.
264 4432 344 4495 locis
362 4436 496 4516 privatis
518 4444 550 4498 et
566 4436 700 4519 publicio
722 4437 812 4499 etl).
833 4438 940 4500 collis.
965 4436 1038 4501 Scb.
1058 4437 1242 4505 emendavit:
1262 4435 1310 4522 pl.
1333 4442 1385 4502 loa

196 4535 243 4598 cir
263 4537 425 4618 superiore
442 4543 535 4617 parte
555 4537 662 4602 callio.
686 4535 795 4602 Recte.
830 4536 900 4602 nn.
931 4542 985 4603 15:
1018 4557 1112 4622 opere
1137 4549 1266 4605 arcuato
1287 4558 1384 4624 oupe-
