2978 4988
146 360 222 439 roo
336 411 339 416 -
415 327 416 331 ‘
567 357 1009 440 eunoun-mouns.

148 593 457 675 annueritque.
490 593 593 657 Heinr.
617 595 764 671 corrigit:
788 596 910 661 directi·
943 597 1024 685 Solu:
1046 597 1199 675 director,
1222 598 1289 662 scil.
1315 603 1428 662 turmu-

147 714 204 777 lns.
245 709 386 773 Debebat
407 710 554 770 enrendari
584 710 735 789 directos,
764 711 830 774 scil.
852 713 1008 790 modulos,
1037 714 1073 774 ad
1096 717 1176 796 quod
1198 733 1305 778 nomen
1328 721 1429 796 respi-

148 833 244 894 ciatur
269 829 299 888 iu
321 844 406 907 seqq.
447 824 624 886 Emendatio
648 828 767 888 omnino
789 832 838 890 est
859 831 1039 890 necessaria.
1082 829 1171 891 Ratio
1193 849 1252 891 non
1275 831 1428 908 dirigitur,

147 947 203 1009 sed
224 941 334 1006 moduli
356 941 525 1018 diriguntur
545 941 583 1001 ad
600 942 762 1020 rationem3
784 945 903 1022 respice
925 945 1012 1006 modo
1034 960 1135 1026 seqq:
1157 946 1322 1008 secuudum
1344 968 1428 1029 quum

148 1063 325 1137 (ruttuuuu)
357 1057 481 1138 fistulae
510 1075 611 1118 oannes
636 1057 731 1137 diripi
756 1057 877 1119 debeat.
919 1059 968 1119 lle
989 1064 1108 1122 ratione
1129 1060 1248 1122 locutus
1270 1063 1429 1125 Frontinus

147 1182 195 1242 est
219 1176 288 1238 Art.
305 1178 363 1234 31:
391 1173 486 1235 Ratio
510 1173 679 1254 fistularum
707 1177 913 1256 palmariarum
938 1195 1031 1258 usqne
1055 1175 1100 1236 ad
1120 1185 1272 1237 centetum
1292 1182 1429 1239 vicenum

143 1315 202 1378 per
224 1309 324 1353 omnes
344 1289 483 1350 modulae
504 1293 550 1350 ita
570 1309 606 1349 oe
627 1287 719 1350 ludet
745 1293 803 1349 etc.
846 1288 896 1349 Ad
925 1288 999 1351 lanc
1025 1293 1168 1351 rationem
1197 1291 1311 1356 direxit
1338 1293 1429 1354 XXV

145 1407 297 1481 modulos,
326 1406 354 1464 in
382 1404 489 1485 quihus
516 1404 604 1463 etiam
631 1407 771 1485 quattuor
791 1402 879 1477 illos,
907 1407 962 1466 sed
985 1406 1175 1481 emendatos,
1203 1405 1426 1483 tencarolia,

144 1543 220 1609 quae
248 1524 278 1583 in
308 1522 345 1580 iis
374 1524 484 1579 novata
510 1522 609 1598 erant,
638 1519 667 1579 in
695 1519 848 1598 pristinum
875 1525 983 1582 statum
1010 1523 1168 1585 restitutus
1190 1526 1222 1584 et
1243 1521 1280 1583 ad
1302 1526 1424 1584 eaurdem

144 1661 210 1706 oum
232 1638 343 1700 ceteris
365 1635 493 1694 modulis
513 1636 656 1696 rationem
680 1636 822 1696 directos·

226 1772 303 1838 quoe
324 1770 401 1834 opus
420 1750 557 1829 sacient)
581 1747 667 1831 Opus
686 1751 796 1830 facere
817 1749 866 1810 lric
889 1748 1067 1813 insolentius
1090 1753 1200 1813 dicitur
1219 1771 1275 1832 pro
1299 1773 1426 1831 „negu-

143 1873 215 1935 tium
236 1864 432 1943 t'acessero“,
455 1867 476 1925 i.
496 1882 523 1925 e.
546 1865 749 1926 difficultatem
772 1870 803 1926 ct
825 1865 991 1926 molestiam
1012 1886 1136 1946 parare,
1159 1868 1227 1934 scil.
1249 1869 1288 1929 dc
1306 1869 1424 1943 tistulis,

142 2004 219 2069 quae
246 2002 304 2044 non
332 1983 367 2042 ad
393 1999 494 2042 ueram
517 1982 932 2062 constitutamquerationem
955 1985 1024 2043 sunt
1046 1983 1189 2044 directae.
1234 1983 1308 2047 sen.
1330 1987 1421 2044 vertit

142 2101 218 2180 „dle
246 2099 353 2160 weiter
380 2093 656 2160 eriorderlichen“.
699 2097 731 2156 et
761 2095 838 2157 inira
864 2096 924 2159 dae
945 2097 1069 2178 fistolae
1104 2100 1181 2174 „die
1207 2099 1421 2160 rurhandenun

141 2214 304 2281 lldlrren“.

222 2329 283 2393 dae
300 2329 362 2410 fiet.
383 2325 560 2406 ananelum)
589 2325 699 2408 quales..
714 2344 790 2388 nunc
812 2331 900 2405 sunt,
923 2345 977 2389 seu
999 2329 1041 2390 ite
1063 2330 1104 2391 uti
1126 2334 1310 2409 nomenoi,
1334 2331 1423 2391 vide-

140 2447 214 2512 lleet
233 2464 293 2507 non
315 2445 446 2507 directae
468 2443 505 2503 ad
526 2445 689 2521 rationem,
711 2447 889 2509 servantum·
923 2443 1062 2508 HlllNlt.
1089 2478 1091 2483 ·

756 2648 809 2706 39.

221 2799 270 2862 De
297 2795 458 2858 rationibus
490 2795 518 2853 in
552 2791 633 2855 nult.
659 2794 814 2853 atu—64
845 2792 929 2851 initis
955 2810 1061 2871 quum,
1092 2811 1168 2874 qnae
1196 2792 1288 2854 dicum
1315 2792 1421 2854 „uultus

140 2933 226 3000 quem
252 2912 322 2975 Pol.
352 2914 383 2971 et
411 2909 505 2984 Son,
538 2926 597 2968 non
626 2906 768 2982 habeam,
799 2906 884 2966 immo
913 2924 950 2966 ne
979 2910 1034 2967 nurui
1064 2909 1167 2968 iudicii
1195 2909 1314 2988 quidem
1343 2910 1421 2983 sint3

140 3030 272 3093 lectores
300 3027 336 3087 ad
365 3024 468 3086 lrornm
496 3025 627 3084 virorum
650 3022 803 3082 doctorum
826 3023 1088 3100 interpretationes
1112 3026 1305 3102 urorruertere‚
1336 3042 1425 3104 (puram.

141 3145 222 3208 dicta
243 3146 355 3206 temere
377 3155 558 3220 recoquere,
581 3137 675 3198 satius
698 3138 784 3198 duxi.
827 3137 960 3198 Frontlni
985 3138 1078 3198 verba
1100 3139 1233 3219 equidem
1255 3141 1292 3200 ad
1316 3139 1421 3200 Polemi

140 3258 281 3324 editionis
302 3256 388 3318 tidem
410 3254 577 3315 recudenda
596 3252 708 3316 curavi.

756 3456 804 3515 64.

217 3604 402 3689 praeeunte)
430 3601 551 3662 adiutus
571 3602 762 3664 anctoritate.
805 3601 944 3667 lllllNll.

219 3723 251 3781 tut
272 3721 430 3793 univoco)
460 3716 530 3778 Arl.
547 3718 607 3778 tl:
628 3734 740 3779 omnen.

220 3837 252 3895 iu
273 3831 501 3907 distributione)
535 3833 565 3894 ln
589 3834 787 3911 erogatione,
809 3838 840 3896 et
860 3838 954 3917 qnasi
969 3838 998 3898 in
1021 3854 1178 3916 expenso;
1201 3837 1319 3905 ductum
1341 3856 1359 3899 o
1380 3834 1420 3898 li-

139 3951 203 4015 luis
228 3950 392 4026 rationum,
420 3950 455 4010 'in
483 3947 592 4029 quihus
619 3947 742 4009 alterum
771 3954 861 4030 eaput
887 3955 935 4013 ert
960 3958 1098 4032 accepti,
1130 3953 1253 4014 alterum
1283 3956 1419 4036 cuperet.

140 4065 274 4149 Cumque
296 4062 439 4125 translate
461 4064 494 4124 et
514 4063 675 4142 improprie
695 4063 755 4126 lroo
777 4066 887 4128 dictum
905 4069 963 4143 sit,
984 4072 1068 4129 recte
1085 4067 1134 4128 hie
1150 4082 1268 4150 qnoque
1285 4069 1419 4131 adiecis-

138 4185 187 4246 ut
205 4189 241 4246 et
259 4184 305 4243 ita
326 4179 442 4255 dicum,
464 4178 544 4260 quod
565 4179 642 4240 inira
663 4180 747 4243 lacit.
779 4180 918 4244 Ceterum
941 4183 979 4244 de
1002 4182 1106 4243 uerbis
1128 4186 1158 4244 tu
1179 4194 1309 4267 accepto
1329 4185 1418 4247 velim

138 4298 270 4377 attendi,
292 4313 368 4378 quoe
384 4293 463 4355 haud
481 4294 607 4356 obscure
624 4295 797 4374 significare
813 4301 960 4376 possunt,
982 4296 1079 4378 qualis
1102 4303 1424 4377 „comnmntarioruuu“-

138 4411 311 4477 hiltuendi
332 4409 546 4491 ordinandique
567 4411 643 4471 ratio
666 4411 770 4473 fuerit.
802 4408 851 4474 (li.
867 4411 1005 4476 nuceo:
1028 4418 1059 4474 in
1074 4420 1227 4496 acceptius
1258 4414 1423 4480 comaron--

138 4525 277 4593 wiotum
305 4544 375 4607 pars
402 4523 533 4604 duplex,
563 4531 606 4625 {¹⁶
635 4529 775 4609 concepti
805 4530 984 4596 (comment.
1012 4529 1244 4610 conceptionis,
1272 4538 1418 4619 copeeptn
