2978 4988
475 332 914 415 Annonnnlonlos.
1263 338 1338 419 157

54 575 157 657 pluria
171 573 350 658 perductae.
377 575 417 637 iit
436 575 482 635 sic
504 591 623 653 semper
643 571 785 654 loquitur.
812 570 940 634 Scilicet
959 569 1086 633 formula
1106 576 1136 637 in
1156 574 1214 640 hae
1233 597 1268 640 re
1289 585 1337 644 est

54 693 196 773 pneuma,
220 710 294 772 quae
311 691 386 751 adeo
405 689 550 765 invaluit,
574 692 605 751 ut
625 686 694 749 Art.
714 690 753 748 ΙΘ
773 685 912 749 absolute
933 687 1049 749 dicatur
1069 691 1254 772 perducere,
1276 716 1337 761 non

56 811 160 870 ndaiito
186 808 342 888 „aquam“‚
374 808 404 867 in
426 805 492 869 his:
521 803 587 866 Sed
608 812 728 867 ueteres
753 802 912 864 humiliore
939 802 1094 867 directore
1118 810 1337 889 perduxerunt.

56 922 180 986 Deserit
207 927 303 984 tamen
332 926 434 985 noster
455 921 531 982 hanc
554 918 797 981 consuetudinem
819 914 890 978 Art.
907 920 937 978 8.
965 917 1014 979 uhi
1036 918 1161 985 scribit:
1190 927 1339 994 Censores

10 1074 16 1087 -
56 1073 99 1082 -
119 1058 229 1122 aquam
249 1071 291 1081 —-
312 1057 352 1099 ea
370 1056 447 1119 apro
469 1032 642 1099 Lucullano
664 1067 704 1082 *-
725 1033 852 1097 Romam
872 1040 904 1097 et
922 1036 953 1094 iu
974 1034 1157 1116 Capitolium
1178 1042 1339 1109 adducen-

58 1157 130 1218 dam
158 1155 345 1216 locauerunt.
387 1153 490 1236 Atque
522 1150 617 1214 altero
649 1150 718 1214 ioco
746 1149 906 1212 Frontinus
934 1152 1026 1211 utitor
1054 1153 1146 1214 verbo
1176 1157 1339 1239 deducere,

58 1273 127 1334 nn.
144 1277 197 1336 ro:
219 1270 336 1332 duliam
358 1268 534 1333 deduxerat.
557 1269 611 1329 sed
632 1267 731 1329 statim
752 1267 872 1346 pergit:
899 1263 1048 1346 Virqe'uem
1070 1288 1187 1352 quoque
1206 1304 1249 1317 »-
1268 1272 1338 1338 nn.

57 1408 135 1449 mam
160 1387 316 1468 perduxit.
358 1385 417 1448 Vei
446 1403 485 1446 ex
506 1384 554 1445 iris
575 1382 722 1461 colligere
745 1385 808 1459 est,
839 1386 870 1443 et
888 1380 1060 1462 perducere
1081 1388 1112 1447 et
1132 1387 1288 1453 adducere
1309 1395 1340 1456 et

58 1503 211 1565 deduoere
233 1501 353 1562 eundern
375 1502 530 1563 admittere
552 1498 821 1578 significationem:
850 1496 928 1578 quod
952 1497 1081 1577 ipsorum
1103 1503 1261 1566 verborum
1283 1524 1341 1569 co-

57 1622 195 1697 gnitione
214 1618 411 1680 confirmatur.
454 1616 534 1704 Quid
556 1617 597 1677 sit
617 1616 788 1692 adducere,
811 1612 965 1693 explicare
989 1633 1047 1676 non
1070 1620 1118 1678 est
1139 1636 1225 1698 opus.
1268 1625 1340 1687 De.

59 1736 169 1797 ducere
198 1738 245 1795 est
274 1735 383 1794 ducere
411 1733 449 1794 de
478 1732 546 1794 loco
575 1730 749 1810 inlocum,
775 1732 898 1792 notione
920 1730 995 1791 sutis
1015 1731 1155 1811 vulgata,
1177 1757 1262 1819 quarn
1283 1741 1340 1803 ianr

61 1853 218 1928 attigimus
240 1850 276 1909 ad
298 1851 366 1914 Art.
384 1855 413 1912 5.
441 1849 490 1911 ubi
512 1847 550 1910 do
572 1846 761 1910 deuerticulo
785 1846 914 1925 egimus.
957 1842 1007 1909 Gi.
1029 1848 1099 1912 Art.
1118 1854 1173 1912 19:
1203 1872 1282 1935 quae
1301 1890 1341 1902 —

35 1967 103 2028 ·od
136 1965 311 2028 Viminalem
340 1985 434 2048 usque
459 1975 580 2046 portora
603 1962 773 2027 deveniunt.
815 1962 954 2045 Denique
976 1964 1070 2025 verbo
1090 1966 1282 2050 perducere,
1311 1976 1343 2036 ct

13 2094 29 2129 :n
59 2083 200 2163 imprimis
227 2100 367 2160 praepos.
394 2101 470 2164 per,
499 2080 688 2160 significatur
714 2083 778 2140 tota
804 2080 875 2156 via,
902 2096 957 2159 per
983 2097 1067 2160 quarn
1091 2080 1209 2143 ducitur
1229 2102 1343 2166 aquas

59 2201 159 2279 capite
189 2215 281 2278 osque
308 2197 480 2278 iuuenem,
511 2201 640 2279 apteque
661 2195 790 2257 vertitur
812 2193 1021 2274 „herleiten“.
1063 2195 1248 2276 Exponenda
1269 2199 1344 2263 haee

59 2315 238 2378 brevissime
260 2313 448 2392 existimavi,
471 2331 509 2375 ne
530 2330 548 2373 u
569 2310 726 2374 Schultnio
749 2309 856 2372 Vlia
877 2313 1069 2372 transvorsos
1091 2312 1201 2388 agaris.

141 2431 223 2512 freq.
250 2437 349 2491 autem
376 2427 466 2491 Rom.
494 2431 576 2501 etc.)
595 2422 670 2489 ¹Pol.
692 2424 796 2486 retulit
816 2442 858 2486 ex
880 2421 922 2488 C:
951 2444 1055 2507 apere.
1078 2429 1189 2508 trefeat
1209 2473 1344 2495 .....

60 2551 179 2611 aocremi
199 2586 368 2608 ......
395 2553 533 2626 praetor.
576 2541 637 2605 Sed
660 2559 721 2617 ego
750 2544 869 2604 aoeuad
893 2560 930 2603 an
950 2545 1067 2604 aurumi
1087 2544 1143 2621 sit,
1175 2545 1345 2611 discernere

61 2683 120 2726 non
138 2679 278 2742 possum3
301 2660 387 2722 etiam
404 2660 442 2721 de
459 2663 500 2720 me·
517 2678 577 2721 uon
595 2661 729 2736 constat,
751 2677 838 2739 quum
855 2659 995 2740 quattuor
1010 2657 1118 2720 ructu·
1134 2663 1245 2722 tanturn
1261 2662 1348 2726 iuxta

15 2798 23 2817 .
62 2779 155 2859 positi
177 2777 249 2851 sint,
278 2775 434 2861 dein-iente
455 2780 579 2855 puncto.
621 2772 726 2856 Neque
754 2773 840 2835 etiarn
867 2784 994 2855 praetor
1021 2774 1131 2854 video,
1159 2775 1214 2839 sed
1245 2780 1348 2857 potius

34 2888 42 2905 ⁸
61 2897 251 2978 praetorium
270 2912 324 2967 ea,
351 2892 379 2953 in
402 2910 460 2974 quo
483 2896 634 2972 postrema
655 2895 715 2953 tam
735 2909 775 2952 ee
795 2893 866 2952 sunt
886 2908 942 2969 pro
964 2899 1023 2952 tum
1044 2911 1100 2969 ea,
1126 2893 1163 2954 ud
1185 2912 1250 2976 seq.
1272 2914 1347 2959 sen-

16 3016 25 3025 ''
64 3013 185 3073 tentiam
207 3008 397 3088 pertinentia.
441 3007 484 3072 U:
514 2999 610 3090 opere
637 3007 750 3088 trefeat
777 3048 1107 3072 ...........
1134 3019 1207 3089 tum,
1235 3011 1266 3072 in
1288 3032 1346 3094 qno

63 3137 124 3189 tum
145 3123 181 3186 ad
204 3142 268 3206 seq.
291 3125 467 3186 sententiam
488 3124 627 3204 pertinet.
671 3123 718 3185 V:
744 3140 837 3205 opere
857 3164 1056 3186 ........
1079 3144 1185 3186 acaum
1206 3171 1347 3193 ......

39 3249 193 3325 *praetor
212 3282 381 3303 ......
423 3240 535 3301 Tamen
556 3259 603 3300 eu.
647 3237 722 3299 Scin.
745 3243 889 3301 annotat:
912 3235 970 3313 „G
993 3237 1171 3300 Lcutschius
1192 3244 1348 3319 egregiam

64 3376 178 3418 mecum
206 3355 435 3417 communicavit
460 3353 680 3434 suspicionem,
708 3352 840 3414 lacunam
869 3353 986 3415 codicis
1008 3351 1034 3417 (3
1061 3353 1101 3414 ita
1124 3372 1193 3415 esse
1216 3358 1348 3437 expien-

66 3473 148 3536 dunn:
185 3490 293 3553 opere,
323 3475 354 3532 tn
381 3474 537 3563 repeatg'ao
566 3488 632 3530 cam
657 3468 869 3532 Saroiautr'dus
896 3469 976 3531 della
1002 3474 1231 3551 praetermisso.
1277 3474 1350 3537 ius

66 3590 147 3650 etc.“
176 3583 280 3667 [iluna
298 3588 327 3647 in
345 3587 461 3648 modum
480 3585 531 3647 ilie
548 3585 664 3667 quidenr
682 3584 856 3664 explevisse
873 3587 995 3647 videtur
1011 3603 1052 3647 ex
1068 3585 1167 3648 Fastis
1177 3586 1349 3669 Triumph.)

68 3705 188 3792 „Quam
214 3703 415 3797 coniecturam
446 3702 563 3763 omnino
592 3702 706 3781 prob03
734 3702 836 3761 verius
865 3703 961 3762 tumen
989 3701 1107 3764 iudico:
1136 3706 1348 3787 inrepertum

68 3840 133 3881 cura
156 3818 279 3879 liuticis
301 3817 381 3879 detto
401 3820 639 3900 praetermisso‚·
660 3820 820 3896 propterea
841 3818 921 3899 quod
942 3816 1099 3879 Frontinus
1119 3819 1190 3881 Art.
1207 3825 1246 3882 18
1267 3819 1350 3885 delia

67 3945 176 3997 contra
196 3935 325 3996 Italicos
345 3936 590 3995 oonunnenrorat“.
632 3933 770 4011 Egregia
790 3931 865 3993 haec
888 3934 919 3992 et
941 3934 1018 3994 omni
1040 3933 1128 3996 laudo
1148 3934 1248 4010 digna.
1280 3934 1349 3997 Nou
1381 3994 1384 4001 ⁴

69 4050 191 4112 minoris
212 4049 400 4111 auctoritatis
422 4050 501 4111 foret
522 4049 677 4129 reparandi
698 4066 798 4126 genus
819 4047 896 4111 hoct
915 4047 1126 4130 frequentibus
1147 4047 1352 4111 Romanorum

68 4166 159 4228 datiis·
180 4168 409 4246 praeterndseo.
452 4161 576 4227 Garrod.
600 4164 697 4225 iocum
720 4165 749 4225 in
772 4162 865 4239 iunge
887 4161 971 4224 aliani
994 4165 1170 4226 sententiaro
1193 4166 1350 4227 restituere

68 4287 196 4343 conatus
214 4284 276 4358 est,
300 4280 452 4357 legendot
474 4299 588 4362 opere‚·
609 4283 673 4342 tere
686 4279 862 4361 frequentes
877 4283 909 4340 in
924 4297 1027 4341 uocem
1044 4278 1213 4344 Praetorio.
1256 4281 1353 4343 Prae-

71 4402 118 4457 tor
140 4397 216 4458 enim
239 4396 387 4474 urbanus,
405 4395 532 4474 adiicit,
557 4396 587 4456 in
609 4394 722 4458 Senatu
746 4393 843 4456 locoru
863 4393 995 4456 habebat
1015 4398 1047 4457 et
1068 4395 1242 4457 sententium
1265 4396 1352 4459 dice-

70 4511 130 4573 hat.
175 4512 276 4592 Atque
305 4511 346 4571 itu
372 4510 467 4573 edidit
490 4509 599 4573 Adler.
642 4510 754 4572 Verum
776 4510 958 4589 accipiamus
979 4510 1068 4583 etiam
1090 4510 1161 4571 edd.
1183 4509 1350 4574 lectionem.
