2978 4988
97 349 149 425 30
541 349 952 433 FRON'HNUb
1024 402 1028 407 -

199 582 356 655 nentiora
381 606 450 656 non
474 594 644 681 possunt,
682 607 762 659 nam
787 610 880 659 nuno
905 585 1016 660 colles
1042 588 1100 682 qui
1126 597 1218 684 sunt,
1245 597 1390 686 propter

200 698 430 794 trequentium
468 699 706 775 incendiorum
749 712 985 777 excreverunt
1021 701 1159 777 rudere.
1223 699 1389 802 Quinque

112 916 372 932 -*-

198 1037 317 1123 molatur
338 1039 518 1115 transversa,
546 1037 595 1098 esi
613 1055 680 1119 per,
701 1039 735 1100 ui
760 1036 815 1097 iam
844 1036 881 1097 ad
909 1034 979 1098 Art.
1010 1032 1058 1098 li*
1076 1036 1215 1098 diximus.
1265 1037 1388 1126 (Quan-

200 1157 284 1221 quam
305 1154 364 1197 non
393 1135 501 1218 ubique
521 1133 571 1195 bio
593 1138 662 1196 ood.
684 1135 743 1197 boo
764 1136 794 1196 in
815 1154 928 1213 genere
950 1135 1008 1197 sibi
1029 1139 1161 1214 constat,
1190 1156 1277 1218 quum
1308 1138 1390 1217 sigla

198 1235 405 1317 particularum
425 1255 483 1317 per
504 1237 535 1296 ot
553 1253 612 1317 pro
635 1237 721 1297 etiam
744 1238 958 1315 permutentur.
1000 1234 1114 1296 Littera
1138 1254 1177 1318 p,
1204 1238 1389 1316 superducta

198 1337 276 1425 linea
296 1338 390 1412 reeta,
409 1337 456 1394 ost
475 1331 559 1416 pre).
581 1334 731 1397 Distinote
747 1333 790 1402 U:
812 1339 1001 1418 perueniunt.
1020 1339 1107 1415 atque
1124 1334 1167 1398 sic
1190 1334 1245 1395 iam
1267 1334 1389 1414 legerat

196 1436 355 1498 Turnebus
375 1433 458 1519 Λᾶν.
473 1434 511 1495 V.
527 1440 557 1511 5,
579 1432 716 1515 legitque
739 1432 812 1496 seo.
855 1435 904 1495 bix
932 1433 1042 1494 ueteris
1064 1434 1149 1495 libris
1169 1433 1237 1495 Pol.
1258 1436 1388 1514 protulit

197 1547 304 1617 prou:
341 1524 432 1613 maie3
450 1523 623 1615 ‘provenire
645 1535 720 1594 enim
743 1552 883 1616 nusquam
907 1533 983 1594 dixit
1004 1533 1183 1611 Frontinus,
1221 1552 1320 1616 neque
1342 1537 1387 1597 rei

198 1639 296 1714 aptum
336 1639 400 1712 est3
442 1634 621 1712 saepissime
659 1636 763 1695 eontra
787 1638 949 1715 peruenire
974 1637 1006 1695 in
1033 1631 1143 1712 urben,
1173 1635 1206 1694 ut
1232 1631 1303 1696 Art.
1335 1639 1384 1700 15.

149 1776 151 1780 ,
198 1739 247 1798 72.
272 1738 340 1798 129.

247 1833 320 1896 inde
337 1833 447 1914 fluunt)
483 1829 588 1894 Godd:
615 1829 688 1893 inde
712 1830 795 1912 fiunt.
836 1832 857 1893 J
884 1835 916 1896 ei
940 1849 1008 1895 root
1051 1830 1129 1894 Inde
1148 1829 1198 1912 qil,
1225 1838 1260 1894 ut
1279 1852 1308 1916 q.
1324 1822 1387 1901 ult.

197 1932 258 1995 loe.
281 1936 428 1995 seruiunt.
450 1934 497 1993 oui
519 1930 651 2008 teulioni,
676 1951 694 1993 a
715 1930 839 1994 (lotrad.
862 1932 972 1994 trustra
993 1932 1234 2011 commendatae,
1273 1933 1387 2012 optima

197 2031 302 2095 saltem
330 2030 474 2092 inhabitat
501 2031 727 2110 interpretatio:
757 2049 821 2091 nam
850 2031 923 2093 inde
949 2035 996 2092 est
1025 2048 1090 2109 „ea
1117 2031 1154 2092 de
1176 2031 1313 2110 oausu“,
1353 2037 1386 2095 ei

195 2131 291 2211 linunt
310 2132 364 2192 ult.
387 2129 409 2194 l.
431 2130 509 2191 idem
532 2130 679 2210 estquod
709 2129 829 2207 „fluunt
857 2132 968 2191 maiore
1001 2129 1168 2209 altitudine,
1193 2131 1225 2191 in
1248 2132 1385 2192 eminen-

197 2233 275 2293 tiora
296 2229 379 2290 urbis
400 2228 468 2290 loca
489 2232 619 2290 erectae.
633 2228 652 2262 “
696 2228 771 2292 Sub.
794 2229 888 2306 legit:
911 2228 984 2292 inde
1005 2229 1146 2310 defluunt.
1188 2229 1291 2295 Heiur.
1312 2232 1386 2294 inde

133 2314 135 2318 ’
197 2328 290 2413 quod.
333 2327 464 2391 Secutus
485 2348 549 2389 sum
572 2329 622 2389 ed.
644 2329 738 2409 prinu.
761 2332 792 2391 et
808 2329 843 2409 F,
865 2349 984 2412 quarum
1006 2328 1164 2392 tectionem
1187 2334 1270 2393 reete
1292 2329 1384 2394 intel-

197 2427 272 2491 lexit
293 2427 363 2490 Pol.
382 2448 413 2489 v.
435 2427 562 2489 Annott.

246 2548 315 2590 num
336 2549 415 2590 nunc
437 2528 533 2589 colles
554 2527 710 2610 quisunt)
752 2527 812 2590 Vei
841 2528 885 2588 sio
912 2527 1119 2588 euronutandum
1148 2545 1219 2589 esse
1244 2529 1383 2608 putabam

198 2630 251 2700 (v.
277 2624 446 2708 Annuit),
475 2626 640 2695 veit‘uum
662 2637 754 2688 unteu
775 2627 872 2689 eolles
893 2632 945 2708 qui
962 2627 1089 2707 suerunt
1109 2622 1198 2707 [‚,die
1215 2628 1384 2706 damaligen

197 2726 349 2804 Hige1“].
393 2726 491 2788 Libri:
518 2746 587 2787 num
615 2733 647 2788 et
673 2726 769 2788 colles
789 2731 819 2787 si
841 2723 900 2799 (Gt
934 2723 1058 2807 collesi]
1086 2726 1156 2790 sint.
1198 2725 1271 2789 Sub.
1294 2728 1382 2789 modo

197 2828 342 2902 corrigit:
363 2845 432 2886 num
453 2835 485 2888 et
505 2825 604 2886 eolles
624 2828 686 2900 imi,
707 2825 829 2887 scilieet
847 2835 950 2907 propt.
973 2830 1032 2887 ino.
1052 2826 1096 2906 fr.
1117 2846 1165 2889 eu.
1186 2826 1255 2889 rud.
1277 2826 1383 2889 modo:

196 2943 266 2987 nunu
293 2932 325 2986 et
351 2924 447 2986 colles
471 2927 591 2985 minimi.

246 3023 373 3097 rudere)
396 3022 427 3085 V
447 3022 485 3087 1⁴¹:
507 3021 612 3086 rudes.
653 3022 726 3084 Jet
745 3035 812 3085 reu:
834 3022 995 3089 ruderibus
1017 3046 1139 3090 eucrev.
1170 3024 1211 3090 U:
1233 3044 1382 3088 οοονοοιο-

196 3133 266 3187 runt
284 3121 354 3185 rud.
1331 3135 1334 3139 '

248 3221 387 3316 Quinque
406 3229 484 3298 sunt,
506 3217 647 3305 querum)
668 3221 808 3284 Editoros
829 3227 900 3302 post
912 3223 998 3288 Poit³
1010 3223 1146 3314 Quinque
1166 3233 1265 3287 nutem
1282 3245 1382 3308 aquu-

161 3346 164 3353 ·
197 3343 262 3386 rum
283 3322 340 3385 alt.
382 3319 446 3384 Sed
468 3325 530 3384 tres
552 3322 646 3386 uoto:
669 3322 806 3413 Quinque
825 3333 897 3385 sunt
916 3323 1040 3385 duarum
1061 3323 1115 3384 ult.
1138 3322 1195 3383 lid.
1217 3343 1264 3404 pr.
1287 3328 1319 3387 ot
1340 3325 1382 3387 F:

200 3423 339 3514 Quinque
360 3428 431 3483 sunt
449 3422 590 3483 ductuum
610 3420 800 3484 altitudines.
842 3423 863 3484 J
885 3425 916 3484 et
936 3437 1002 3485 reu:
1046 3419 1184 3510 Quinque
1209 3427 1287 3485 enim
1313 3432 1385 3486 sunt

198 3521 391 3599 altitudines,
424 3540 548 3604 quorum
575 3521 655 3582 duae
681 3525 712 3583 in
744 3538 772 3581 o.
794 3541 827 3602 qr.
852 3521 889 3584 U.
912 3521 1101 3583 attolluntur.
1137 3538 1193 3582 neo
1218 3521 1307 3584 aliter
1333 3521 1382 3584 le-

198 3620 329 3698 gebatur
349 3622 380 3681 in
401 3620 460 3700 ed,
482 3638 540 3701 qua
560 3639 633 3682 rusus
657 3623 705 3682 est
724 3621 837 3683 Burton
861 3621 969 3695 (lionis
990 3617 1248 3681 Artemonem
1272 3620 1381 3683 Merk-

198 3720 292 3781 wiird.
314 3738 368 3781 aus
391 3720 457 3781 dem
478 3718 637 3797 Englisob.
659 3719 815 3783 ubersetnt
834 3739 895 3781 von
909 3713 1045 3797 Siolrier]
1069 3738 1100 3797 p.
1123 3722 1174 3780 40.
1201 3715 1286 3780 Unde
1299 3704 1381 3783 Cor-

198 3819 268 3879 radt
294 3819 431 3910 Quinque
452 3827 541 3904 utque
563 3818 690 3881 duarum
711 3821 767 3881 alt.
810 3818 904 3881 Male.
949 3817 1026 3904 Quid
1047 3811 1156 3879 muiti'i
1184 3814 1248 3877 Una
1268 3820 1380 3881 tantum

199 3917 299 3979 littera
320 3916 342 3979 d
360 3921 469 3980 mutata
488 3919 518 3980 in
540 3938 569 4001 q,
589 3922 673 3980 recte
695 3938 729 3981 se
750 3917 842 3980 habet
862 3916 950 3978 oodd.
976 3915 1084 3995 leoti03
1112 3916 1191 3999 quod
1217 3918 1274 3979 iam
1302 3919 1382 3983 vidit

199 4014 272 4078 Sub.
293 4046 335 4058 »-
355 4016 435 4078 Intra
454 4016 485 4078 V
505 4018 528 4080 F
545 4020 576 4080 et
597 4019 643 4079 ed.
665 4019 759 4099 prino.
782 4016 919 4079 omittunt
939 4015 1101 4077 attollitur.

247 4115 304 4177 sed
325 4137 365 4178 eu
384 4112 449 4197 bis]
473 4117 502 4179 V
522 4116 546 4178 F
568 4121 598 4179 et
620 4118 668 4179 ed.
689 4136 736 4198 pr.
760 4116 897 4177 omittunt
917 4133 964 4174 eu.
996 4114 1017 4175 J
1037 4119 1069 4177 et
1088 4132 1152 4177 reo.
1169 4112 1296 4178 babent:
1324 4117 1382 4181 sed

199 4235 238 4277 eu
260 4216 399 4298 reliquis.
440 4216 518 4278 Mox
539 4216 568 4278 V
589 4217 609 4278 J
630 4219 661 4278 et
681 4230 748 4278 reo:
769 4213 1030 4277 maiore-leuiore.

247 4317 395 4378 estudniu
415 4313 519 4390 Nou.)
542 4317 626 4383 udi:
649 4316 729 4377 Anio
750 4323 798 4376 est
816 4312 902 4376 Nou.

247 4423 374 4498 aequat)
397 4413 439 4477 C:
462 4426 605 4499 aequata.
626 4449 668 4459 -
688 4411 824 4491 veteres)
846 4433 901 4476 eus
922 4411 993 4476 fori.
1022 4411 1196 4480 addendum.
1238 4411 1377 4480 liutein.

198 4512 262 4578 Sed
282 4535 314 4578 v.
336 4513 374 4576 ad
394 4512 463 4577 Art.
485 4519 516 4577 6.
