2978 4988
141 355 216 431 192
561 355 1005 435 ANNO'rArroNItS.

143 591 294 654 caducum
320 608 478 653 oocumns.
522 587 607 652 Unde
634 609 689 671 pro
716 594 820 652 nostro
843 589 912 653 ioco
937 590 1094 655 efficienda
1116 609 1186 652 esse
1208 591 1329 653 videtur
1350 611 1425 655 sen-

143 706 237 769 ientia
258 705 452 767 huiusmodi:
476 706 599 768 caduca
619 726 701 790 aqua
723 705 919 781 observatur,
940 705 973 767 id
994 715 1054 782 est,
1076 726 1155 787 quac
1171 727 1210 770 ec
1225 726 1264 769 cu
1286 706 1423 791 (Appia)

140 831 251 884 manat.
294 820 421 882 Caduca
449 822 480 881 in
507 821 679 883 universum
709 822 818 883 dicitur
845 838 939 902 uque,
969 837 1044 901 quae
1072 821 1173 903 aliquo
1201 824 1289 886 modo
1319 826 1424 900 erun,

141 935 192 998 uel
218 936 437 997 manutIcnibus
464 934 643 1015 fistularum,
672 936 722 998 vel
750 937 888 998 tectoriis
911 932 1079 1014 corruptis',
1107 935 1165 998 vei
1180 936 1306 999 incubus
1328 941 1426 1001 ubun-

143 1051 301 1128 dnntibus3
333 1056 436 1112 nostro
460 1050 529 1112 loco
552 1051 713 1113 fistularum
736 1051 964 1112 monitionibus.
1007 1050 1158 1132 Scriptum
1180 1055 1317 1133 primitus
1339 1062 1424 1118 crat:

142 1171 162 1231 i.
184 1187 263 1250 puae
283 1187 322 1228 cc
344 1187 381 1227 cu
401 1177 526 1230 mount:
559 1168 637 1246 quod
660 1187 749 1248 quum
771 1166 944 1244 capiendum
967 1171 1051 1228 essct
1083 1167 1185 1229 idest
1206 1189 1301 1251 quac,
1329 1171 1425 1232 libro-

141 1281 359 1344 rius'iittcrum
391 1286 412 1343 i.
442 1282 525 1361 ccpit
552 1300 606 1360 pro
635 1283 681 1358 id,
710 1283 757 1342 cui
786 1280 835 1343 vei
867 1281 962 1342 invito
992 1283 1156 1343 succedere
1179 1284 1274 1345 eltcre
1296 1287 1425 1348 dcbcbat

140 1400 262 1460 nuntio
285 1397 376 1480 qnod.
421 1397 510 1458 Adde
531 1398 611 1478 quod
633 1398 740 1458 niurius
762 1401 810 1458 cst
831 1398 991 1458 Frontinus
1014 1398 1043 1457 iu
1068 1397 1097 1457 id
1119 1417 1218 1475 genus
1240 1402 1424 1479 interpretu-

139 1515 273 1577 tionibus
296 1532 350 1592 per
371 1514 405 1575 id
425 1523 473 1574 cot
492 1513 680 1575 introductis,
724 1510 851 1590 Operam
873 1513 1031 1590 perdidere
1054 1514 1112 1573 viri
1135 1514 1239 1577 docti:
1273 1518 1328 1577 scd
1351 1537 1425 1578 scn-

140 1632 235 1694 tentio
263 1629 369 1689 suiten
396 1630 536 1689 restituta
564 1626 632 1708 quin
660 1645 731 1687 vcro
758 1628 814 1703 sit,
844 1627 905 1688 noli
930 1628 1082 1705 dubitare3
1112 1630 1200 1690 nrodo
1224 1650 1278 1710 pro
1301 1633 1424 1693 caduco

139 1746 198 1807 alie
219 1763 281 1806 vox
306 1749 442 1820 irruatur,
475 1745 512 1803 ad
534 1743 659 1803 codices
679 1743 805 1821 propius
828 1745 988 1804 accedens.
1030 1744 1136 1825 Atque
1156 1763 1193 1806 en
1213 1765 1332 1828 quoquc
1355 1748 1423 1808 nribi

141 1860 326 1936 opusnest,
349 1859 464 1937 legenti
491 1857 557 1919 nrt.
574 1860 614 1918 88
635 1857 751 1918 verba:
779 1877 880 1938 cunae
899 1869 1073 1940 pereuntes.
1102 1861 1181 1920 unde
1203 1861 1347 1925 Frontino
1371 1883 1423 1924 rc-

140 1975 321 2037 stitucndurn
345 1975 449 2036 consui
469 1973 716 2056 perdita-aqua,
742 1972 799 2053 quei
821 1974 896 2034 idom
921 1974 1106 2050 significatur
1127 1978 1215 2058 utque
1238 1981 1328 2059 cquis
1346 1999 1423 2060 pcr-

139 2089 295 2169 motibus,
318 2091 389 2151 iteru
410 2088 486 2172 aqui
507 2088 631 2151 caduci.

756 2292 807 2349 66.
847 2316 850 2321 ’

157 2474 159 2479 ,
221 2442 253 2501 in
274 2456 349 2499 cour.
372 2436 435 2520 est)
465 2437 540 2500 Scin.
561 2434 661 2516 legit:
690 2442 722 2500 in
751 2457 826 2499 com.
852 2442 984 2520 positum
1012 2445 1076 2515 cot,
1106 2443 1137 2502 ct
1159 2443 1291 2521 positum
1312 2443 1421 2504 abesse

139 2573 199 2618 non
220 2572 313 2634 posse
337 2553 473 2616 affirmet.
518 2553 611 2616 Certe
632 2552 702 2616 Au.
722 2556 777 2616 oo:
800 2573 887 2636 quum
903 2558 935 2616 iu
951 2558 1108 2636 conceptis
1124 2575 1200 2618 cocu.
1214 2561 1348 2638 positum
1364 2568 1420 2620 eet.

140 2668 204 2733 Sed
223 2659 331 2743 ibidem
342 2686 357 2736 tx
374 2670 507 2752 amptius
528 2688 617 2751 quum
637 2673 670 2731 iu
693 2689 768 2730 coru.
790 2679 847 2732 cot.
887 2671 958 2735 nrt.
972 2673 1027 2733 13:
1049 2671 1181 2752 amptius
1197 2690 1284 2754 quam
1299 2677 1331 2735 in
1348 2694 1423 2735 con-

140 2776 240 2869 ceptio
265 2804 340 2845 com.
362 2793 419 2846 ert.
462 2783 530 2845 Art.
548 2787 606 2845 68:
634 2786 766 2867 amptius
789 2805 875 2866 quum
897 2789 927 2845 in
949 2789 1188 2865 commentariis,
1211 2806 1269 2849 orn.
1291 2799 1362 2866 eet,·
1392 2793 1423 2852 eo

140 2890 187 2975 rte
208 2901 296 2962 utram
319 2899 387 2962 Art.
405 2903 456 2960 oo.
474 2905 524 2960 no.
542 2901 590 2960 re.

755 3103 807 3161 67.

222 3265 291 3310 cum
315 3265 370 3325 eo,
398 3251 450 3331 uui
470 3251 558 3310 circu
576 3251 719 3330 piscinae
740 3248 862 3311 ductum
882 3247 988 3310 codem
1009 3249 1114 3312 canuti
1135 3253 1166 3312 iu
1188 3270 1282 3312 arcuo
1301 3258 1424 3336 excipi-

140 3372 190 3433 tur
209 3363 256 3427 ru
275 3362 295 3424 J
316 3359 362 3441 U,
384 3364 443 3425 uisi
466 3362 545 3445 quod
566 3361 617 3425 hic
637 3382 693 3443 pro
716 3368 767 3447 qui
787 3365 877 3427 babet
899 3366 982 3447 quid.
1024 3362 1125 3445 Gpro
1148 3387 1214 3428 cum
1235 3387 1270 3428 eo
1294 3374 1346 3451 qui
1366 3368 1423 3431 bu-

140 3484 265 3571 botunto
280 3481 311 3540 iu
328 3495 363 3539 co
380 3479 473 3563 quod.
501 3479 632 3542 Secutus
647 3499 711 3541 sunu
724 3480 755 3542 J.
781 3479 957 3558 intelliges:
979 3482 1028 3543 Ex
1042 3480 1153 3559 cancii,
1177 3500 1331 3565 perquem
1349 3504 1424 3566 aquo

139 3593 360 3678 perducebatur
386 3595 424 3656 ud
450 3595 612 3674 piscinam,
640 3597 754 3674 partem
776 3614 869 3677 equae
889 3595 1047 3658 influxisse
1069 3598 1231 3677 piscinam,
1260 3602 1292 3660 ot
1316 3601 1423 3661 deinde

141 3731 184 3775 ex
204 3712 273 3790 ipso
292 3709 407 3789 piscina
428 3712 457 3771 iu
479 3726 567 3770 arcus
597 3706 651 3791 [id
673 3714 721 3773 est
742 3711 772 3772 in
794 3710 912 3772 ductum
933 3711 1061 3773 arcubus
1083 3716 1296 3786 sustentatum)
1329 3718 1424 3776 inisse

140 3827 357 3904 introductam
386 3829 500 3906 pnrtcrn
525 3842 600 3887 vero
629 3824 771 3908 reliquam
799 3845 858 3889 non
880 3845 934 3907 per
954 3826 1117 3907 piscinam,
1146 3829 1202 3889 scd
1220 3842 1280 3912 per
1300 3832 1424 3892 eundern

140 3943 313 4026 perductum
343 3941 479 4004 canalem
507 3944 595 4003 circa
617 3944 762 4024 piscinae
788 3943 911 4004 ductum
943 3941 995 4024 (id
1023 3945 1071 4005 cst
1099 3943 1178 4006 circu
1204 3944 1340 4023 ductum,
1369 3965 1424 4026 per

141 4079 227 4142 quern
250 4057 414 4121 ducebatur
434 4075 510 4139 equo
531 4057 658 4118 effluens
675 4058 840 4137 cpiscinu)
865 4058 961 4118 fuisse
978 4062 1137 4138 exceptum
1154 4060 1184 4120 iu
1200 4066 1298 4120 orcus.
1332 4059 1423 4122 Pon.

140 4176 190 4240 Ex
209 4150 317 4239 boloni
339 4173 587 4252 interpretatione
608 4172 796 4234 scribendum
819 4173 897 4233 fuit:
920 4174 1007 4234 circa
1025 4176 1176 4255 piscinam
1198 4175 1316 4236 ἀπεῖπε.
1359 4175 1424 4237 Lo-

141 4309 196 4355 cus
224 4287 418 4353 difficillimus
446 4291 510 4375 est,
540 4288 577 4348 do
606 4288 689 4349 cuius
711 4288 892 4364 integritate
921 4290 1028 4350 morito
1058 4289 1131 4355 Scir.
1159 4290 1187 4350 in
1209 4289 1424 4351 dubitationem

139 4408 243 4484 venii,
269 4404 363 4468 verbu
383 4403 487 4467 codun
508 4403 612 4465 cunuti
633 4422 693 4464 non
714 4401 849 4464 Frontini
871 4419 941 4465 esse
962 4405 1109 4467 iudicans.
1153 4404 1268 4469 Scribit
1287 4405 1316 4466 iu
1338 4426 1422 4488 seqq.

134 4520 324 4619 Frontinus.
355 4528 411 4586 unt
430 4539 509 4604 quac
529 4523 561 4582 in
581 4539 675 4587 urcru
695 4519 865 4599 recipitur
849 4559 861 4595 ,
894 4536 981 4602 uuum
1002 4541 1042 4585 cc
1059 4523 1254 4673 ριέωἰιιιΙΙ
1206 4525 1236 4583 in
1251 4541 1354 4635 orcus
1371 4542 1425 4585 ec
