2978 4988
481 341 924 422 ANNo'uAuloiutas.
1267 346 1348 423 w,

671 583 739 642 125.

144 696 348 776 reficerentur,
371 715 410 757 en
430 699 515 774 apris
536 693 615 778 cto.)
639 696 669 757 V
691 697 729 761 i:
756 696 960 777 reficerentur.
982 698 1035 762 Ea
1056 705 1142 781 apris
1171 704 1230 762 etc.
1253 700 1346 762 linti-

60 814 214 898 quissimis
236 813 291 872 ianr
313 812 496 890 temporibus
528 814 623 894 foere,
646 813 695 894 qui
716 815 747 875 in
768 813 825 874 bac
840 815 967 893 periodo
984 814 1154 877 haererent.
1178 816 1262 878 Unde
1280 818 1346 880 iac-

60 936 132 1009 tum,
156 936 189 991 ut
209 948 268 990 non
290 927 385 989 solum
407 929 438 989 in
462 926 488 991 C
510 927 537 990 U
553 930 631 991 inter
645 931 740 990 uerba
755 931 950 1011 reficerentur
966 935 998 992 et
1014 953 1053 994 ea·
1069 936 1166 1012 apris,
1184 935 1239 994 sed
1258 936 1345 995 etiam

60 1049 91 1109 in
113 1046 309 1130 sequentibus
331 1046 361 1105 in
384 1040 409 1106 G
432 1045 510 1105 inter
531 1045 626 1107 verba
648 1046 800 1109 arbitratu
823 1052 854 1109 et
874 1051 1035 1110 aestimata
1057 1048 1159 1109 lacuna
1186 1051 1346 1129 restiterit,

60 1165 191 1246 itemque
208 1165 238 1224 in
260 1159 288 1220 U
308 1160 339 1221 V
359 1161 383 1222 F
405 1161 498 1222 verba
514 1162 701 1240 tollerentur,
718 1174 914 1243 sumerentur,
932 1174 1165 1245 exportarentur
1181 1165 1269 1244 plane
1286 1167 1348 1228 sint

61 1283 182 1342 omissa.
225 1279 329 1361 Atque
352 1279 464 1356 optimo
486 1277 550 1338 iure
571 1278 744 1342 haeserunt.
771 1280 846 1342 Nam
867 1299 942 1363 quae
960 1281 1019 1343 ista
1035 1283 1173 1358 syntaxis
1197 1287 1259 1345 est:
1276 1281 1347 1343 ubi·

60 1408 184 1471 terram,
207 1397 318 1474 limam,
342 1394 485 1477 lapidem,
506 1403 625 1473 testam,
647 1417 780 1476 arenam,
810 1397 894 1478 liqna
920 1401 1263 1480 ceteraque-aestimata
1285 1397 1346 1459 da-

60 1523 174 1590 rentur,
195 1514 386 1591 tollerentur,
409 1521 605 1588 sumerentur,
627 1508 885 1595 asportarentur?
906 1514 959 1576 Sic
982 1515 1069 1591 eninr,
1092 1531 1138 1573 me
1161 1514 1279 1595 quidem
1296 1516 1347 1574 in-

62 1631 141 1709 dico,
163 1629 331 1710 procedere
353 1629 444 1692 debet
465 1630 573 1690 oratio.
616 1629 711 1711 Atqui
728 1630 843 1690 ubinam
861 1633 910 1691 cst
925 1624 1117 1692 subiectum?
1142 1629 1348 1692 Vehementer

61 1744 159 1823 miror,
182 1746 261 1829 quod
283 1763 380 1826 neque
402 1743 469 1808 Pol.
491 1764 588 1828 neque
610 1745 688 1807 alius
710 1748 855 1828 quispiam
878 1748 977 1808 editor
998 1750 1029 1808 et
1050 1748 1200 1827 interpres
1227 1748 1347 1809 dubita-

61 1866 171 1925 tionem
194 1867 361 1925 uraverunt.
405 1859 479 1924 Scb.
501 1863 585 1924 recte
607 1862 704 1924 iocum
727 1863 757 1925 in
778 1862 964 1924 vernaculam
979 1862 1110 1942 lingnam
1134 1863 1294 1943 transtulit,
1317 1867 1349 1926 et

61 1983 102 2042 ita
124 1980 287 2058 transtulit,
310 1979 394 2060 quasi
416 1987 538 2059 terram,
568 1979 677 2059 limum,
700 1981 731 2041 et
752 1999 781 2061 q.
803 1999 829 2042 s.
858 1978 1027 2041 nominandi
1056 1997 1128 2041 casn
1156 1983 1347 2060 ponerentur.

60 2096 138 2161 blibi
161 2100 244 2159 certo
269 2098 402 2171 constat,
426 2095 476 2156 vel
498 2094 632 2157 lacunam
649 2113 720 2156 esse
744 2097 850 2157 nescio
873 2113 931 2177 quo
954 2096 1024 2156 ioco
1047 2096 1272 2178 accipiendam,
1294 2099 1347 2159 vei

60 2216 162 2293 potius
196 2211 408 2272 emendandum
438 2222 527 2271 esse:
565 2220 664 2285 terra,
704 2211 806 2287 limus,
837 2212 936 2292 lapis,
970 2219 1068 2287 testa,
1119 2213 1188 2282 (sic
1221 2210 1246 2274 C
1276 2211 1346 2294 U),

59 2349 156 2390 arena
178 2331 238 2388 etc.
261 2327 350 2406 atque
373 2326 416 2385 ita
437 2325 582 2386 edendum
606 2327 719 2401 curavi,
742 2329 925 2389 necessitate
948 2329 1081 2388 coactus.

141 2444 238 2512 testa)
265 2443 358 2503 Testa
378 2439 439 2502 boc
460 2439 529 2502 loeo
552 2440 704 2517 significat
725 2441 893 2520 fragmenta
914 2441 1049 2503 fictilium
1070 2460 1226 2518 vasorum,
1256 2447 1343 2506 etiam

59 2565 108 2632 (ut
129 2557 375 2621 verisimillimum
398 2553 462 2637 est]
487 2556 673 2636 tegularum,
704 2556 874 2636 imbricum,
905 2557 1072 2619 tubulorum
1100 2557 1283 2642 aliorumque
1316 2563 1347 2624 id

58 2696 177 2756 genus,
200 2694 242 2736 ex
264 2675 371 2755 quibus
392 2673 570 2752 fragmentis
591 2674 669 2734 tusis
686 2677 717 2734 et
734 2692 797 2735 curn
816 2673 899 2735 calce
917 2674 1085 2734 commixtis
1102 2674 1250 2751 signinum
1269 2694 1346 2757 opus

58 2793 157 2870 tiebat,
179 2794 215 2854 ad
238 2793 446 2854 continendam
476 2807 577 2871 aquam
608 2787 667 2870 (ci.
690 2790 758 2854 Art.
783 2794 820 2851 10
841 2794 905 2852 not.
928 2786 964 2870 a)
987 2789 1133 2870 perutile,
1157 2795 1245 2874 atque
1267 2797 1345 2857 adeo

58 2909 294 2990 aquaeductibus
316 2907 516 2969 utilissimum.
561 2903 715 2968 Credibile
737 2907 824 2968 etiam
847 2909 915 2986 cst,
944 2908 974 2967 in
1004 2908 1070 2986 ipsa
1092 2909 1241 2972 structura
1262 2930 1344 2972 nsum

58 3016 185 3108 aliquem
212 3026 301 3086 alium
329 3026 425 3086 tuisse
459 3024 606 3084 eiusmodi
643 3025 888 3101 fragmentorum.
937 3023 1032 3085 Porro
1060 3027 1158 3085 testae
1188 3029 1344 3088 maximam

58 3143 173 3220 copiam
196 3140 372 3219 exstitisse,
400 3139 453 3202 rel
476 3157 575 3201 exeo
598 3139 707 3219 liquet,
730 3139 809 3220 quod
830 3140 944 3209 Romae
967 3157 1007 3199 ex
1029 3140 1205 3215 fragmentis
1228 3140 1344 3218 figlinis

57 3261 158 3318 tantus
180 3275 308 3318 acervus
329 3259 426 3318 sactus
449 3255 498 3334 sit,
521 3259 555 3316 ut
577 3255 645 3314 inde
668 3255 765 3316 Collis
789 3256 955 3317 Testaceas
975 3271 1083 3314 nomen
1106 3254 1267 3317 iuvenorit.
1304 3257 1345 3318 iit

57 3373 93 3433 ab
116 3373 192 3452 ipsis
213 3391 309 3455 usque
332 3372 467 3434 exordiis
488 3369 578 3431 Urbis
607 3372 689 3432 tanta
708 3369 811 3431 habita
832 3371 889 3433 luit
910 3389 959 3430 ars
981 3369 1160 3448 figulorum,
1189 3373 1221 3432 nt
1242 3370 1342 3434 Plinio

58 3487 206 3562 (XXXV.
231 3493 285 3561 12)
307 3490 386 3549 teste
407 3486 512 3551 Numa
530 3507 586 3548 rea
608 3487 769 3566 callepium
788 3485 947 3566 fipulorum
969 3488 1145 3546 instituerit.
1168 3485 1258 3548 Pon.
1293 3487 1341 3552 01.

55 3606 177 3667 Bnnsen
204 3604 382 3666 Besebreib.
412 3603 465 3664 dor
486 3602 533 3664 St.
556 3602 632 3664 Rom
656 3602 712 3665 Bd.
734 3600 758 3665 Ι.
780 3622 810 3682 p.
834 3601 1051 3663 6611666661.
1094 3600 1187 3679 Apud
1209 3603 1343 3682 scripto-

56 3739 106 3782 res
137 3723 181 3781 rei
208 3721 346 3799 agrarias
369 3721 501 3781 occurrit
521 3726 601 3781 testa
628 3718 678 3779 vei
701 3727 781 3781 testa
802 3726 871 3780 tusa
897 3719 952 3778 sub
980 3717 1133 3793 terminis,
1163 3737 1194 3797 p.
1217 3723 1248 3779 5.
1271 3721 1343 3780 265.

56 3842 127 3899 306.
150 3856 199 3916 ap.
223 3838 316 3900 Goes.

139 3956 201 4014 uiri
223 3953 293 4015 boni
308 3950 479 4034 arbitratu)
502 3951 548 4013 lta
569 3952 598 4013 in
615 3951 702 4030 Lege
724 3956 753 4012 si
771 3951 910 4031 sundram,
933 3948 1064 4011 XXXV.
1089 3950 1119 4010 u.
1137 3951 1183 4011 tn.
1205 3950 1344 4012 mundati

55 4071 108 4132 cel
131 4078 240 4130 contra
261 4068 392 4147 legitur:
414 4079 446 4131 et
465 4079 546 4132 taam
564 4077 683 4151 partem
703 4071 765 4129 oiri
787 4066 857 4128 boni
878 4066 1029 4128 arbitrata
1051 4069 1214 4127 aestimata
1232 4070 1342 4147 pretio,

56 4187 129 4248 dari
150 4186 222 4246 mibi
244 4194 375 4268 oportet.
419 4185 517 4246 Multa
532 4203 623 4265 porro
647 4184 683 4244 de
705 4183 981 4262 aestimationibus,
1009 4201 1084 4265 quae
1112 4181 1263 4243 arbitrata
1283 4185 1345 4244 viri

57 4302 127 4364 oona
149 4302 221 4363 aare
244 4302 391 4380 arcuatur,
414 4302 497 4379 vtae,
520 4302 547 4362 sn
569 4303 628 4378 vn,
643 4277 682 4361 'u
702 4301 841 4363 missos.
864 4298 916 4363 un.
938 4301 975 4361 uc
998 4299 1114 4377 signif.
1136 4298 1237 4359 Van·
1252 4295 1342 4359 ron.

39 4417 108 4513 [Gi.
132 4416 271 4481 Schardii
293 4416 370 4477 Lex.
394 4416 458 4478 lur.
488 4438 518 4478 v.
549 4414 639 4478 arbit.
682 4417 729 4480 De
751 4421 818 4479 niro
842 4416 918 4479 bono
940 4414 1012 4478 Scir.
1035 4413 1118 4477 vili.
1140 4418 1171 4473 8.
1214 4412 1264 4474 116
1284 4416 1349 4493 qua'

58 4536 125 4596 viro
147 4534 228 4595 bono
250 4512 410 4593 Frontinus
434 4532 472 4592 de
496 4531 603 4596 cotan.
626 4552 674 4614 ap.
699 4532 792 4596 Goes.
814 4552 845 4612 p.
870 4537 938 4595 128.
961 4530 1208 4679 baecllegimus:
1237 4529 1272 4591 lu
1293 4533 1345 4590 iu-

1074 4630 1103 4679 r)
