2978 4988
147 331 223 407 224
571 329 1013 410 ANNO'l'A'PIONIlS.

154 573 271 650 fraude,
294 572 336 632 ita
357 571 390 629 nt
409 568 596 649 praescripto
618 569 707 627 modo
730 570 761 628 et
782 568 893 647 optima
913 565 1052 628 adbibata
1072 565 1193 626 materia
1214 565 1416 637 edometur*

154 688 273 752 Fidelis
295 691 353 764 est,
377 686 462 746 cuius
483 683 648 762 integritati
670 686 701 744 et
721 681 919 743 abstinentiae
942 685 973 742 et
992 681 1136 761 religioni
1151 681 1245 743 fidere
1260 701 1431 762 possumus.

238 827 469 902 temperamento
488 815 584 896 coeti)
606 816 626 878 i.
648 835 677 896 q.
699 817 862 894 temperato
886 813 985 890 coelo,
1008 816 1172 891 temperato
1195 814 1431 894 omnitempore,

155 937 346 1011 concilicet,
375 953 433 1015 quo
462 949 557 1013 neque
580 931 679 1009 frigus
700 928 809 1008 premit
835 947 930 1011 neque
953 928 1027 990 solis
1048 933 1162 994 aestus.
1204 931 1314 992 lustin.
1331 928 1373 992 ll.
1396 932 1429 992 lt

71 1082 77 1103 ι
156 1054 272 1115 Contra
293 1049 428 1130 Scptlrae
451 1048 533 1110 coeii
548 1053 807 1129 temperamentum
826 1045 940 1106 uultum
961 1065 1029 1107 esse
1049 1050 1212 1109 vetustatis
1232 1038 1432 1126 arpumeutum

153 1168 320 1254 putabant,
348 1164 427 1248 quod
457 1161 642 1225 l'oreellinus
669 1162 715 1232 (in
736 1181 768 1222 v.
790 1163 895 1242 temp.)
923 1161 959 1222 de
987 1179 1159 1245 quacunque
1181 1163 1261 1224 aeris
1284 1163 1432 1225 eonstitu-

156 1289 239 1348 tione
261 1283 490 1361 interpretatur:
524 1279 578 1340 sed
600 1278 627 1338 si
654 1277 865 1357 praecedentia
886 1279 1029 1357 respicit,
1060 1277 1215 1355 intelliges
1245 1277 1335 1356 „hoe
1356 1277 1432 1340 coell

156 1396 450 1481 temperamentum‘,
473 1394 704 1474 etexplioebis:
725 1391 783 1455 hoe
806 1395 997 1472 temperatum
1010 1394 1139 1472 eoelum,
1160 1393 1237 1455 bane
1259 1392 1340 1455 coeli
1358 1397 1432 1456 teru-

155 1521 280 1601 periem‚
324 1513 358 1574 ln
381 1512 505 1573 eundern
528 1529 648 1572 sensum
669 1507 785 1570 Plinius
806 1509 863 1588 Ep.
886 1509 926 1571 V.
943 1515 982 1571 6:
1003 1515 1165 1592 temperies
1186 1508 1278 1589 coeti,
1302 1510 1341 1571 de
1357 1512 1432 1572 terrr-

155 1637 259 1716 perata
280 1629 359 1692 coeli
382 1628 615 1704 constitutione3
638 1628 669 1686 et
689 1625 805 1685 Nonius
821 1624 861 1686 11.
884 1629 962 1687 848:
984 1635 1189 1708 temperatura
1211 1626 1303 1688 coeli.

236 1764 392 1848 praecipit
410 1760 583 1838 materiam)
606 1759 625 1818 i.
648 1776 677 1818 c.
698 1761 883 1835 praemature
907 1762 1034 1838 occupat
1056 1763 1087 1822 et
1108 1760 1265 1822 consumit.
1293 1758 1433 1821 Materia

155 1883 344 1963 arrrpleetitur
376 1877 487 1954 omnia,
518 1875 664 1956 equibus
692 1876 840 1935 structura
862 1878 996 1954 constat3
1025 1877 1056 1936 ct
1084 1874 1234 1937 Sebultnii
1252 1873 1341 1956 (Vll.
1365 1871 1430 1955 16.)

155 1997 322 2060 emendatio
344 1994 507 2055 maceriam
527 2008 583 2050 nee
605 1988 779 2050 neccssaria
801 1992 860 2068 est,
883 1992 915 2051 et
935 1989 1154 2069 posthabenda.

237 2147 294 2189 aee
314 2126 421 2195 ultum)
455 2134 527 2202 pro:
557 2121 612 2183 sed
632 2119 760 2199 nullum3
791 2121 828 2181 dc
851 2141 908 2203 qna
928 2124 1093 2203 particulae
1115 2144 1172 2186 uec
1191 2126 1224 2186 vi
1245 2123 1433 2186 adversative

154 2247 196 2307 ci.
219 2245 254 2305 ad
276 2242 346 2304 Art.
369 2244 398 2301 9.

237 2376 439 2446 obstaturum)
461 2328 575 2433 Laudat
596 2371 758 2433 Forcellin.
782 2372 812 2432 in
828 2390 860 2432 r.
884 2371 979 2434 obsto.

238 2502 435 2588 Fides-eius)
458 2504 547 2580 llius,
569 2505 746 2583 aceperis,
768 2505 790 2564 i.
813 2521 841 2564 e.
865 2507 1006 2585 inopere
1028 2506 1178 2568 iaciendo.

764 2775 832 2835 124.

237 2951 412 3036 proeimoe]
435 2951 534 3013 lntell.
553 2942 625 3011 Urbi
646 2954 814 3031 proximos,
837 2953 906 3014 inde
923 2972 940 3012 a
956 2951 1026 3016 Vll.
1049 2955 1185 3016 milliario
1209 2956 1349 3019 liuentes.
1372 2958 1436 3020 lie-

115 3103 118 3112 ·
157 3073 321 3133 motissima
342 3064 485 3145 Claudio,
508 3086 526 3128 a
546 3065 646 3147 lapide
668 3067 734 3129 XL.
758 3067 857 3144 dueta,
880 3071 1043 3130 secundum
1064 3069 1198 3135 Plinium.
1222 3071 1271 3135 Cf.
1294 3072 1434 3154 Inscript.

157 3207 205 3267 ap.
224 3185 355 3250 Casaub.
378 3185 415 3245 ad
438 3183 563 3246 Sueten.
586 3181 691 3245 Claud.
715 3201 741 3246 e.
764 3188 814 3244 20.
835 3181 974 3247 lllilNll.

240 3316 426 3397 inclinatum)
449 3318 604 3394 signilieat
626 3319 702 3394 o'pus
724 3315 844 3398 aliquod
861 3334 901 3376 ex
918 3316 1011 3378 lurido
1029 3337 1083 3379 sen
1100 3337 1139 3380 ex
1156 3319 1233 3380 iaelo
1262 3318 1439 3382 fundamen-

158 3440 189 3495 to
213 3436 408 3508 exstructum,
431 3430 666 3509 lerndamentnm,
689 3431 766 3512 qood
789 3433 817 3491 in
840 3430 1022 3493 altitudinem
1052 3435 1235 3514 exstruitur,
1263 3435 1440 3517 simpliciter

136 3550 389 3624 'tundamentum
413 3547 480 3605 eine
503 3543 686 3622 Grundlage.
709 3546 757 3607 Ab
780 3546 920 3608 ioelroato
945 3549 1065 3631 aliquid
1087 3559 1260 3625 exstruere,
1278 3547 1439 3613 Columell.

156 3684 205 3744 ap.
227 3662 388 3725 Foredllin.

240 3796 375 3858 Futurae
396 3796 551 3874 impensae
569 3792 772 3876 preparatio]
802 3795 868 3857 Hae
889 3796 984 3858 verba
1004 3795 1100 3858 lucem
1122 3816 1203 3858 snam
1225 3797 1379 3877 accipiunt
1400 3816 1440 3861 ex

160 3912 245 3974 initio
263 3909 416 3991 sequentis
439 3908 569 3970 Senatus
591 3909 731 3971 consulti.
774 3911 839 3973 Pol.
863 3911 1013 3992 explieat:
1036 3916 1193 3994 impensae
1215 3914 1235 3973 i.
1254 3930 1281 3974 e.
1299 3915 1440 3975 materiae

160 4027 304 4107 impensis
328 4025 534 4105 acquirendae.
558 4023 631 4085 Sclr.
656 4026 772 4088 reddit:
794 4027 854 4089 Die
875 4027 1091 4104 Beisehall'ung
1113 4028 1166 4089 der
1182 4028 1342 4106 lritnltigen
1358 4029 1442 4090 Ban-

159 4142 362 4205 bedr'irl'nisse.
404 4138 592 4200 l'orcellinus
615 4137 662 4223 (in
683 4162 716 4203 r.
740 4147 892 4224 impensu)
917 4143 1004 4206 dicit:
1021 4141 1186 4222 Impensam
1208 4143 1370 4224 Frontinus
1392 4143 1441 4205 A·

160 4259 265 4340 quaed.
295 4259 352 4317 124
381 4260 473 4316 roeat
505 4257 656 4316 materiem
685 4258 863 4319 reficiendis
896 4259 1130 4340 aquaeductibus
1166 4263 1281 4338 aptam,
1318 4264 1442 4340 terram,

159 4373 289 4452 lapides,
312 4372 403 4451 ligna,
428 4375 487 4432 ete.
531 4370 636 4433 Omnia
656 4376 750 4435 reete.
771 4374 914 4456 lmpeusu
935 4374 1011 4434 enim
1034 4376 1082 4435 est
1098 4375 1241 4456 quidquid
1262 4375 1444 4455 impenditur

161 4487 196 4547 ad
213 4487 338 4568 aliquam
355 4506 414 4549 rom
434 4486 630 4568 eliciendam,
643 4489 784 4569 imprimis
796 4489 933 4570 pecnnia,
946 4507 1003 4570 qua
1014 4492 1111 4553 cornia
1121 4487 1442 4573 possunt'compararl.
