2978 4988
548 371 959 452 nnonrlmus

200 605 427 679 Maximus
460 604 590 682 Coss
630 606 679 679 V.
709 607 753 678 F.
786 605 835 680 dc
868 608 1005 699 riviS,
1042 606 1260 702 specibus
1295 604 1401 677 lor-

201 722 476 819 nicibusque
502 723 672 815 Juliae,
699 723 921 815 Marciae,
949 721 1143 818 Appiae,
1173 720 1391 819 Tepulae,

201 836 396 911 Anionis
423 838 718 931 reficiendiS,
748 833 1392 928 ausonensium

201 952 297 1049 Uti,
336 962 430 1028 cum
462 956 493 1027 ii
526 956 637 1049 rivi,
670 977 856 1051 specus,
894 953 1110 1047 fornices,
1145 978 1254 1050 quos
1289 953 1389 1026 Au-

199 1091 364 1167 gustus
403 1069 583 1147 Caesar
634 1096 683 1144 se
734 1070 1008 1142 relecturum
1060 1072 1257 1166 impensa
1310 1093 1390 1143 sua

199 1184 434 1281 pollicitus
468 1186 660 1263 Senatui
696 1199 784 1280 est,
822 1186 1142 1277 reficerentur,
1180 1210 1231 1258 ex
1266 1189 1391 1283 agris

200 1302 478 1397 privatorum
510 1319 650 1398 terra,
691 1303 847 1397 limuS,
883 1302 1020 1399 lapiS,
1056 1313 1194 1397 testa,
1231 1327 1387 1396 arena,

198 1417 323 1514 ligna
350 1434 611 1517 ceteraque,
650 1419 812 1515 quibus
845 1417 895 1490 ad
927 1442 1018 1491 earn
1050 1443 1134 1493 rem
1169 1443 1276 1516 opus
1310 1443 1388 1492 es'·

198 1544 287 1630 set,
324 1535 437 1609 unde
473 1560 677 1634 quaeque
712 1559 862 1607 eorum
894 1535 1101 1631 proxime
1134 1536 1232 1607 sine
1263 1537 1388 1607 iniu-

198 1650 266 1722 ria
306 1653 584 1748 privatorum
622 1650 748 1744 tolli,
791 1652 927 1745 sumi,
968 1652 1147 1748 portari
1185 1654 1384 1747 possint,

197 1766 285 1838 viri
323 1766 425 1842 boni
463 1770 685 1843 arbitratu
718 1767 974 1861 aestimata,
1017 1765 1250 1861 darentur,
1292 1768 1386 1841 tol-

125 1884 128 1889 '
196 1879 417 1979 lerentur,
465 1893 775 1974 sumerentur,
817 1894 1199 1979 exportarentur3
1253 1884 1386 1958 etad

198 2019 275 2069 eas
312 2022 385 2070 res
419 2024 568 2074 omnes
604 1998 919 2096 exportandus
956 2023 1199 2095 earumque
1234 2025 1386 2073 rerum

196 2113 552 2190 reficiendarum
600 2141 764 2207 causa,
819 2116 1033 2210 quotiens
1079 2139 1191 2212 opus
1237 2130 1383 2212 esset,

195 2252 275 2324 per
307 2255 444 2329 agros
476 2241 756 2332 privatorum
791 2233 890 2303 sine
923 2230 1090 2304 iniuria
1122 2255 1272 2306 eorum
1304 2235 1385 2306 iti-

195 2368 318 2442 nera,
356 2360 486 2423 actus
521 2360 752 2448 paterent,
791 2347 1023 2421 darentur.

97 2452 174 2529 12⁶
272 2464 487 2563 Plerumque
521 2480 637 2541 autem
669 2466 753 2537 vitia
787 2466 944 2537 oriuntur
977 2489 1022 2536 ex
1056 2464 1261 2560 impotentia
1291 2491 1380 2565 pos-

197 2601 399 2675 sessorum,
443 2585 500 2679 qui
539 2584 697 2680 pluribus
735 2581 850 2654 modis
890 2583 986 2653 rivos
1025 2582 1169 2655 violant.
1225 2582 1385 2655 Primum

197 2696 287 2767 enirn
315 2700 444 2793 spatia,
474 2724 564 2794 quae
591 2701 684 2771 circa
711 2699 837 2770 duetus
865 2722 1031 2793 arprarum
1056 2722 1100 2770 ex
1119 2696 1277 2772 Senatus
1293 2725 1380 2774 con-

196 2810 288 2882 sulto
321 2838 451 2886 vacare
484 2815 629 2909 debent,
665 2830 727 2887 aut
758 2814 927 2887 aediliciis
961 2829 1020 2886 aut
1051 2813 1236 2888 arboribus
1270 2842 1380 2889 occu·

197 2940 287 3021 pant.
338 2928 504 3002 Arbores
529 2937 646 3027 magis
672 2946 816 3023 rrooont,
854 2956 1000 3028 quarum
1026 2930 1204 3005 radicibus
1232 2948 1262 3005 et
1292 2958 1378 3007 con-

195 3050 451 3118 numerationes
485 3059 521 3120 et
551 3046 660 3119 latera
687 3048 893 3119 solvuntur..
931 3048 1072 3121 Deinde
1097 3048 1271 3123 vicinales
1297 3056 1377 3123 rias

193 3172 431 3260 agrestesque
456 3188 520 3260 per
546 3169 645 3260 ipsas
671 3165 803 3237 lormas
826 3162 990 3259 dirigunt.
1031 3164 1242 3237 Novissime
1262 3164 1382 3238 aditus

195 3277 239 3348 ad
273 3278 411 3351 tutelam
446 3280 682 3376 praecludunt.
737 3278 840 3371 Quare
872 3286 986 3353 omnia
1018 3277 1175 3355 Senatus
1201 3283 1378 3375 consulto,

195 3394 289 3490 quod
315 3397 472 3487 subieci,
500 3404 647 3493 provisa
673 3410 763 3469 sunt.

95 3502 169 3577 127
271 3510 401 3602 Quod
441 3509 487 3602 Ο.
525 3513 695 3587 Aelius
735 3508 940 3609 Tubero,
980 3512 1159 3586 Paulus
1198 3514 1377 3589 Fabius

128 3755 176 3806 tao
231 3753 461 3823 possessorum)
488 3748 536 3814 V:
556 3749 799 3832 possessoribus.

231 3842 345 3915 modis]
372 3864 430 3906 om.
455 3849 484 3908 in
507 3845 545 3910 G.

232 3941 378 4016 Primum)
407 3945 453 4008 V:
475 3948 617 4012 Pronum.
644 3949 674 4011 V
690 3950 725 4011 J:
747 3948 873 4011 Horum.

229 4042 356 4104 arbores
371 4078 412 4087 ——
427 4046 602 4121 solvuntur)
634 4050 716 4111 Forl.
739 4049 814 4110 baec
837 4049 949 4128 spuria.
978 4048 1116 4117 lllllNR.
1149 4124 1152 4129 ¹

230 4143 299 4203 rod.
322 4153 352 4203 et
376 4149 528 4218 concurri.)
558 4147 601 4210 0:
624 4148 783 4211 radicibus
805 4153 1086 4213 concamerationis.
1133 4140 1139 4149 ¹

226 4242 360 4321 forneus]
390 4244 463 4305 Sclr.
485 4248 612 4323 corrigit
630 4248 764 4329 scribas.
788 4269 816 4309 r.
839 4248 875 4308 ad
897 4249 966 4309 Art.
986 4252 1036 4312 15.

124 4358 171 4408 127
231 4341 267 4429 (l
293 4342 326 4403 F.
350 4342 387 4403 P.
411 4347 486 4415 etc.)
517 4344 608 4411 (le
637 4348 723 4437 Quae
751 4348 788 4409 F.
811 4348 849 4408 P.
855 4366 871 4423 ,⁶
900 4346 928 4407 V
949 4348 991 4410 l':
1016 4350 1178 4413 arboribus
1205 4357 1268 4415 seri
1295 4372 1375 4434 puae

189 4440 615 4525 r'.1’..1).,1t.n.J.0.;
653 4452 813 4512 annotante
841 4447 957 4510 Adlero
987 4450 1044 4511 alr
1080 4450 1118 4541 Q.
1141 4452 1186 4513 D.
1209 4452 1250 4514 Ε.
1281 4450 1314 4514 u.
1336 4451 1374 4514 F.

189 4539 227 4601 P.
249 4542 294 4604 1).
318 4543 359 4605 Ε.
383 4543 421 4606 it.
445 4544 478 4606 J.
502 4546 539 4607 0.
