2978 4988
139 360 214 440 116
486 392 491 397 ·
573 350 984 446 nnomul'NU's

235 599 490 698 pertinentium.
540 593 597 674 Ea
631 610 792 675 constant
825 624 871 674 ex
903 599 1013 674 hortis
1047 595 1283 693 aedificiisve,
1325 618 1415 696 quae

233 725 315 788 sunt
351 718 446 790 circa
482 716 611 790 duetus
650 728 709 790 aut
746 717 891 790 castella
929 726 990 790 aut
1025 739 1169 787 munera
1208 723 1266 787 aut
1303 712 1415 787 lacus.

131 887 355 909 t-——aan

234 981 353 1043 litterae
380 1004 400 1043 u
427 979 561 1060 vestigia
585 985 696 1045 tantum
719 977 861 1045 deletura
881 1003 984 1045 manus
1006 982 1181 1065 reliquerit,
1211 984 1241 1043 et
1267 978 1369 1044 littera
1394 1000 1419 1043 a

232 1082 352 1143 litterae
373 1102 401 1143 m
422 1083 653 1161 superimposita
681 1083 731 1144 sit.
776 1081 961 1146 Consideres
984 1081 1089 1156 veiim,
1119 1079 1208 1143 simili
1240 1086 1324 1143 sorte
1346 1080 1416 1143 Art.

232 1184 248 1241 i
273 1180 425 1243 commodo
448 1182 579 1259 periisse
601 1184 791 1262 compendio.
812 1181 861 1242 De
884 1180 1048 1243 commodis
1069 1200 1099 1241 v.
1121 1179 1250 1244 Annuit.

271 1285 469 1353 exoneratur)
491 1280 684 1341 Kenchenins
705 1282 813 1361 prohat
834 1290 996 1361 monetur,
1025 1280 1104 1360 quod
1132 1280 1162 1341 iu
1183 1279 1251 1341 aliis
1272 1277 1359 1343 libris
1381 1299 1418 1342 se

230 1381 388 1441 invenisse
412 1384 551 1457 testatur,
573 1380 716 1462 affertque
738 1382 832 1442 verba
852 1381 987 1442 Frontini
1014 1379 1043 1439 in
1065 1377 1122 1440 tine
1153 1378 1242 1441 huius
1264 1378 1332 1441 Art.
1353 1398 1416 1459 po-

231 1481 307 1541 sita:
329 1479 409 1540 ande
430 1498 532 1540 omnes
552 1484 707 1561 impensae
728 1488 910 1560 erogantur:
931 1479 1009 1539 unde
1032 1483 1172 1558 apparet,
1200 1496 1265 1539 eurn
1287 1497 1417 1558 croycrc

230 1597 339 1657 capere
360 1597 415 1657 pro
440 1578 623 1655 „solvere.“
657 1579 720 1640 Sed
742 1599 829 1660 quum
851 1581 881 1638 in
904 1578 979 1638 meis
1000 1576 1085 1637 libris
1109 1575 1189 1638 nulia
1210 1579 1250 1638 sit
1272 1575 1417 1639 lectionis

238 1680 374 1752 rarietas,
397 1680 457 1736 tunr
479 1681 604 1757 uterque
627 1677 713 1738 locus
734 1678 821 1745 inter¹
850 1695 867 1738 e
890 1679 1030 1738 diversus
1053 1679 1110 1737 est.

271 1787 411 1838 constent
431 1797 469 1836 ea
490 1776 568 1837 tort.
590 1776 704 1856 aedis.)
729 1764 794 1845 0τῖ
868 1786 915 1836 tot
932 1776 1054 1837 exotio.
1075 1775 1249 1855 diffieiicve.
1272 1776 1314 1840 U:
1337 1797 1417 1839 corr-

228 1887 293 1936 stat
314 1874 544 1939 exotiedicr'sce.
580 1875 625 1938 V:
649 1885 770 1936 constat
791 1874 872 1936 canti
893 1874 1002 1936 edicio.
1045 1876 1172 1940 FOet
1193 1877 1240 1940 ed.
1262 1891 1314 1955 pr:
1337 1896 1416 1939 coa-

228 1985 292 2036 stat
313 1995 351 2035 ea:
372 1974 504 2035 olivetis.
537 1976 557 2036 J
578 1979 609 2036 et
630 1987 699 2036 rec:
722 1984 846 2037 constet
864 1970 880 2054 i
882 1974 920 2038 al.
938 1984 1093 2049 coustant)
1118 1996 1157 2037 ca
1168 1980 1244 2037 ortis
1266 1975 1322 2047 (al.
1339 1960 1417 2038 dor-

228 2078 285 2146 tis)
315 2073 516 2153 aedificiieoe.
538 2074 666 2135 Constat
685 2093 740 2154 pro
764 2058 894 2136 constat.
937 2075 982 2134 Ea
1007 2075 1173 2152 vectigalia
1200 2078 1346 2138 constant
1373 2094 1417 2137 ex

229 2178 287 2236 etc.
330 2174 427 2233 Etiam
449 2173 489 2234 de
509 2172 700 2254 aedificiieae
721 2192 780 2235 uon
802 2180 850 2236 est
873 2175 1080 2253 dubitandum3
1109 2181 1142 2236 ut
1166 2178 1324 2257 quaeratur
1344 2178 1416 2237 tan-

227 2278 287 2334 tum
310 2274 347 2334 de
369 2273 464 2334 altero
487 2272 648 2351 vocabulo,
671 2274 752 2355 quod
774 2272 818 2333 illi
839 2274 1051 2353 praecesserit.
1095 2272 1161 2334 Pol.
1184 2273 1318 2334 lacunam
1340 2272 1416 2334 reii-

227 2375 300 2455 quit.
346 2371 476 2449 ,‚Loca“
500 2372 705 2432 desiderantur
728 2374 790 2448 „ad
811 2370 946 2448 vectigal
969 2372 1174 2451 ρθήῖιιοιηίἣιι
1205 2382 1293 2453 (quae
1315 2373 1416 2453 ipsius

228 2472 363 2533 Frontini
385 2473 478 2532 rerba
499 2473 576 2532 inira
598 2470 785 2553 sequuntur).
829 2472 924 2558 Quum
958 2471 1099 2532 librorum
1127 2477 1288 2533 monstrum
1318 2474 1416 2532 omnis

228 2573 295 2652 spei
316 2573 358 2632 sit
380 2590 505 2632 vacuum
528 2572 664 2643 (olivetis
685 2572 781 2632 fletum
804 2589 846 2631 ex
869 2571 1023 2647 medicis),
1044 2570 1113 2633 Art.
1133 2574 1192 2630 129
1213 2575 1310 2632 autom
1329 2556 1416 2633 eom-
1450 2618 1456 2625 .

228 2675 426 2731 memorentur
446 2674 545 2744 citae,
567 2669 704 2745 ardores,
727 2671 829 2749 uittae,
854 2670 1014 2750 certificata,
1037 2669 1074 2729 ad
1096 2688 1189 2751 aquae
1213 2664 1319 2730 duetus
1339 2689 1416 2750 per-

227 2767 354 2831 tinentia
375 2770 489 2842 omuia3
511 2773 562 2827 aut
583 2785 624 2827 ex
647 2770 707 2828 isto
730 2769 800 2830 loco
823 2770 852 2828 in
875 2776 1012 2847 promptu
1035 2772 1083 2830 est
1105 2788 1168 2829 cum
1191 2765 1316 2831 Corrad.
1339 2767 1426 2841 Scin„

227 2873 259 2927 et
280 2867 384 2926 ileinr.
408 2869 568 2927 restituere
591 2886 630 2926 ea
650 2867 736 2928 vittis
764 2871 836 2937 ί-
858 2872 890 2928 ut
918 2867 992 2928 villa
1020 2867 1175 2945 significet
1203 2867 1318 2928 domum
1348 2884 1415 2929 oum

225 2967 343 3026 adiecto
365 2965 458 3024 tundo
483 2966 530 3025 vel
553 2964 671 3044 horto),
693 2969 744 3027 aut
765 2985 807 3027 ex
827 2965 846 3026 J
867 2987 906 3028 ee
926 2966 1033 3028 tortia.
1073 2966 1184 3028 Verum
1206 2984 1293 3048 quum
1316 2966 1415 3030 Fron-
1480 2948 1483 2961 ¹

226 3068 307 3126 tinus
336 3066 515 3143 saepissime
547 3063 699 3125 hortorum
730 3084 824 3146 aquae
855 3066 994 3127 ductibus
1015 3067 1211 3126 adiacentium
1233 3067 1416 3127 mentionem

226 3167 333 3239 iaciat,
362 3163 422 3225 hoc
452 3164 679 3243 praeterendum
702 3164 787 3225 duxi.
830 3165 884 3227 Ea
904 3165 1019 3244 torris,
1043 3166 1072 3225 in
1095 3163 1309 3245 quibuscrant
1331 3166 1414 3237 vites

227 3270 258 3326 et
300 3265 444 3343 arbores,
487 3263 589 3342 villis,
630 3263 778 3325 aedificiis
814 3266 1011 3347 maceriisque
1043 3262 1196 3325 inclusae:
1233 3261 1271 3324 dc
1303 3262 1414 3344 quihus

224 3364 294 3424 Art.
320 3366 388 3425 129.

265 3471 385 3522 cestert.
409 3461 478 3523 due.
501 3481 549 3543 qu.
571 3462 647 3533 mit.)
677 3460 723 3524 lta
743 3460 769 3525 Ο
792 3467 822 3524 et
844 3462 881 3539 U,
904 3464 973 3526 ltem
995 3460 1063 3524 Pol.
1096 3460 1131 3522 ln
1152 3460 1183 3523 V
1204 3462 1235 3522 et
1256 3459 1326 3522 edd.
1349 3462 1414 3522 est:

223 3565 394 3622 sestertium
416 3559 496 3621 CCL
517 3561 652 3623 millium.
675 3560 756 3624 Sch:
778 3567 911 3625 sestertii
931 3561 1019 3627 een
1039 3561 1176 3636 millium,
1200 3564 1415 3640 ‚,1o‚1oo,ooo

223 3658 431 3720 Sestertion“.

264 3755 444 3838 ettenorum]
490 3755 582 3819 GU:
604 3759 754 3825 clientem.
796 3761 845 3822 Ex
866 3780 928 3844 quo
950 3758 1076 3825 Corrad.
1104 3759 1178 3820 iecit
1198 3757 1263 3819 atio
1283 3767 1412 3836 euntem,

225 3856 291 3917 Pot.
313 3857 486 3918 etiamtum.
528 3855 611 3951 Vct
632 3860 710 3922 edd:
733 3861 903 3924 salientem,
925 3860 973 3921 cui
995 3860 1078 3919 iavet
1098 3855 1174 3920 Sed.
1195 3877 1227 3916 v.
1248 3854 1379 3919 Annuit

228 4036 250 4047 υ
265 3961 459 4028 conuersum)
482 3952 524 4017 G:
547 3977 695 4037 eversura,
717 3961 738 4022 i.
761 3979 790 4020 e.
814 3978 1003 4020 conversum.
1026 3958 1074 4018 ex
1097 3975 1155 4039 quo
1178 3956 1209 4017 in
1231 3952 1258 4016 U
1281 3954 1411 4019 naemu:

223 4078 242 4116 a
262 4075 397 4131 versum,
426 4057 448 4115 i.
472 4073 499 4115 e.
521 4065 570 4118 cst
588 4076 715 4120 cereum.
752 4058 872 4121 Deinde
895 4058 926 4119 in
946 4054 977 4118 V
998 4061 1030 4118 et
1050 4057 1120 4120 edd.
1141 4054 1262 4117 transiit
1280 4073 1412 4132 ameum,

225 4155 339 4215 omisso
368 4164 423 4217 eat.

271 4259 441 4327 constaret)
463 4253 545 4316 Libri
568 4265 752 4318 constarent.

269 4349 397 4436 accipit)
421 4353 450 4415 V
471 4354 512 4416 F:
532 4360 666 4436 aceepit.

270 4456 446 4533 arceamur)
488 4454 529 4518 Fa
564 4455 776 4537 execrabantur.
804 4457 837 4516 ut
865 4455 896 4516 in
926 4453 995 4518 aliis
1028 4472 1146 4539 quoque
1178 4451 1265 4517 tibris
1294 4450 1413 4517 invenit

230 4551 386 4615 Kenchen.
