<?xml version="1.0" encoding="UTF-8"?>
<!DOCTYPE html PUBLIC "-//W3C//DTD XHTML 1.0 Transitional//EN"
    "http://www.w3.org/TR/xhtml1/DTD/xhtml1-transitional.dtd">
<html xmlns="http://www.w3.org/1999/xhtml" xml:lang="en" lang="en">
 <head>
  <title>
</title>
<meta http-equiv="Content-Type" content="text/html;charset=utf-8" />
  <meta name='ocr-system' content='tesseract 3.04.00' />
  <meta name='ocr-capabilities' content='ocr_page ocr_carea ocr_par ocr_line ocrx_word'/>
</head>
<body>
  <div class='ocr_page' id='page_1' title='image "./sexjuliifrontin01dedegoog_0089.png"; bbox 0 0 2978 4950; ppageno 0'>
   <div class='ocr_carea' id='block_1_1' title="bbox 443 302 1043 428">
    <p class='ocr_par' dir='ltr' id='par_1_1' title="bbox 443 302 1043 428">
     <span class='ocr_line' id='line_1_1' title="bbox 443 302 1043 428; baseline -0.002 -47"><span class='ocrx_word' id='word_1_1' title='bbox 443 305 517 428; x_wconf 86' lang='lat' dir='ltr'><strong>nn</strong></span> <span class='ocrx_word' id='word_1_2' title='bbox 542 302 735 398; x_wconf 73' lang='lat' dir='ltr'><strong>,sousa</strong></span> <span class='ocrx_word' id='word_1_3' title='bbox 760 303 1043 418; x_wconf 77' lang='lat' dir='ltr'><strong>cosumus.</strong></span> 
     </span>
    </p>
   </div>
   <div class='ocr_carea' id='block_1_2' title="bbox 127 536 1396 1794">
    <p class='ocr_par' dir='ltr' id='par_1_2' title="bbox 127 536 1396 1794">
     <span class='ocr_line' id='line_1_2' title="bbox 202 536 1391 635; baseline -0.002 -23"><span class='ocrx_word' id='word_1_4' title='bbox 202 547 278 612; x_wconf 85' lang='lat' dir='ltr'><strong>est:</strong></span> <span class='ocrx_word' id='word_1_5' title='bbox 306 538 409 612; x_wconf 88' lang='lat' dir='ltr'><strong>cuius</strong></span> <span class='ocrx_word' id='word_1_6' title='bbox 428 538 599 614; x_wconf 88' lang='lat' dir='ltr'><strong>diametro</strong></span> <span class='ocrx_word' id='word_1_7' title='bbox 621 537 823 612; x_wconf 89' lang='lat' dir='ltr'><strong>adiecerunt</strong></span> <span class='ocrx_word' id='word_1_8' title='bbox 841 536 940 635; x_wconf 78' lang='lat' dir='ltr'><strong>digiti</strong></span> <span class='ocrx_word' id='word_1_9' title='bbox 953 537 1180 631; x_wconf 78' lang='lat' dir='ltr'><strong>semunciam,</strong></span> <span class='ocrx_word' id='word_1_10' title='bbox 1208 536 1391 634; x_wconf 75' lang='lat' dir='ltr'><strong>sicilicum,</strong></span> 
     </span>
     <span class='ocr_line' id='line_1_3' title="bbox 200 653 1394 752; baseline -0.002 -24"><span class='ocrx_word' id='word_1_11' title='bbox 200 654 395 752; x_wconf 77' lang='lat' dir='ltr'><strong>capacitati</strong></span> <span class='ocrx_word' id='word_1_12' title='bbox 410 656 589 751; x_wconf 83' lang='lat' dir='ltr'><strong>quinariae</strong></span> <span class='ocrx_word' id='word_1_13' title='bbox 616 654 852 751; x_wconf 86' lang='lat' dir='ltr'><strong>quadrantem.</strong></span> <span class='ocrx_word' id='word_1_14' title='bbox 902 653 944 727; x_wconf 92' lang='lat' dir='ltr'><strong>In</strong></span> <span class='ocrx_word' id='word_1_15' title='bbox 969 654 1113 750; x_wconf 88' lang='lat' dir='ltr'><strong>reliquis</strong></span> <span class='ocrx_word' id='word_1_16' title='bbox 1139 663 1253 726; x_wconf 89' lang='lat' dir='ltr'><strong>sutem</strong></span> <span class='ocrx_word' id='word_1_17' title='bbox 1281 654 1394 728; x_wconf 87' lang='lat' dir='ltr'><strong>tribus</strong></span> 
     </span>
     <span class='ocr_line' id='line_1_4' title="bbox 199 768 1393 869; baseline 0.001 -27"><span class='ocrx_word' id='word_1_18' title='bbox 199 768 354 842; x_wconf 87' lang='lat' dir='ltr'><strong>modulis</strong></span> <span class='ocrx_word' id='word_1_19' title='bbox 386 771 467 868; x_wconf 88' lang='lat' dir='ltr'><strong>plus</strong></span> <span class='ocrx_word' id='word_1_20' title='bbox 498 768 780 869; x_wconf 83' lang='lat' dir='ltr'><strong>deprehenditur.</strong></span> <span class='ocrx_word' id='word_1_21' title='bbox 831 770 1061 844; x_wconf 82' lang='lat' dir='ltr'><strong>vicenariam</strong></span> <span class='ocrx_word' id='word_1_22' title='bbox 1088 769 1310 866; x_wconf 86' lang='lat' dir='ltr'><strong>exiguiorem</strong></span> <span class='ocrx_word' id='word_1_23' title='bbox 1339 771 1393 843; x_wconf 87' lang='lat' dir='ltr'><strong>ia-</strong></span> 
     </span>
     <span class='ocr_line' id='line_1_5' title="bbox 200 885 1396 987; baseline 0 -29"><span class='ocrx_word' id='word_1_24' title='bbox 200 886 296 958; x_wconf 86' lang='lat' dir='ltr'><strong>ciunt</strong></span> <span class='ocrx_word' id='word_1_25' title='bbox 309 885 478 961; x_wconf 89' lang='lat' dir='ltr'><strong>diametro</strong></span> <span class='ocrx_word' id='word_1_26' title='bbox 501 885 602 987; x_wconf 85' lang='lat' dir='ltr'><strong>digiti</strong></span> <span class='ocrx_word' id='word_1_27' title='bbox 616 888 790 983; x_wconf 78' lang='lat' dir='ltr'><strong>semisse,</strong></span> <span class='ocrx_word' id='word_1_28' title='bbox 814 887 1007 985; x_wconf 86' lang='lat' dir='ltr'><strong>capacitate</strong></span> <span class='ocrx_word' id='word_1_29' title='bbox 1025 886 1192 981; x_wconf 81' lang='lat' dir='ltr'><strong>quinariis</strong></span> <span class='ocrx_word' id='word_1_30' title='bbox 1218 886 1334 960; x_wconf 91' lang='lat' dir='ltr'><strong>tribus</strong></span> <span class='ocrx_word' id='word_1_31' title='bbox 1362 900 1396 959; x_wconf 83' lang='lat' dir='ltr'><strong>et</strong></span> 
     </span>
     <span class='ocr_line' id='line_1_6' title="bbox 200 998 1396 1100; baseline 0.001 -26"><span class='ocrx_word' id='word_1_32' title='bbox 200 1003 403 1074; x_wconf 78' lang='lat' dir='ltr'><strong>semuncia:</strong></span> <span class='ocrx_word' id='word_1_33' title='bbox 445 1026 515 1099; x_wconf 90' lang='lat' dir='ltr'><strong>quo</strong></span> <span class='ocrx_word' id='word_1_34' title='bbox 548 1002 690 1077; x_wconf 88' lang='lat' dir='ltr'><strong>modulo</strong></span> <span class='ocrx_word' id='word_1_35' title='bbox 715 1000 921 1100; x_wconf 82' lang='lat' dir='ltr'><strong>plenumque</strong></span> <span class='ocrx_word' id='word_1_36' title='bbox 944 1019 1138 1099; x_wconf 88' lang='lat' dir='ltr'><strong>erogatur·.·</strong></span> <span class='ocrx_word' id='word_1_37' title='bbox 1177 998 1396 1077; x_wconf 69' lang='lat' dir='ltr'><strong>centenaria</strong></span> 
     </span>
     <span class='ocr_line' id='line_1_7' title="bbox 201 1116 1392 1215; baseline 0.001 -25"><span class='ocrx_word' id='word_1_38' title='bbox 201 1127 317 1191; x_wconf 84' lang='lat' dir='ltr'><strong>autem</strong></span> <span class='ocrx_word' id='word_1_39' title='bbox 351 1126 386 1191; x_wconf 91' lang='lat' dir='ltr'><strong>et</strong></span> <span class='ocrx_word' id='word_1_40' title='bbox 418 1127 601 1192; x_wconf 86' lang='lat' dir='ltr'><strong>centenum</strong></span> <span class='ocrx_word' id='word_1_41' title='bbox 635 1119 809 1214; x_wconf 83' lang='lat' dir='ltr'><strong>vicenum,</strong></span> <span class='ocrx_word' id='word_1_42' title='bbox 858 1120 986 1215; x_wconf 87' lang='lat' dir='ltr'><strong>quibus</strong></span> <span class='ocrx_word' id='word_1_43' title='bbox 1025 1116 1171 1191; x_wconf 86' lang='lat' dir='ltr'><strong>assidue</strong></span> <span class='ocrx_word' id='word_1_44' title='bbox 1205 1120 1392 1214; x_wconf 90' lang='lat' dir='ltr'><strong>accipiunt,</strong></span> 
     </span>
     <span class='ocr_line' id='line_1_8' title="bbox 200 1226 1393 1332; baseline 0 -26"><span class='ocrx_word' id='word_1_45' title='bbox 200 1226 273 1307; x_wconf 85' lang='lat' dir='ltr'><strong>non</strong></span> <span class='ocrx_word' id='word_1_46' title='bbox 302 1234 513 1328; x_wconf 80' lang='lat' dir='ltr'><strong>minuuntur,</strong></span> <span class='ocrx_word' id='word_1_47' title='bbox 552 1233 618 1308; x_wconf 86' lang='lat' dir='ltr'><strong>s&#39;ed</strong></span> <span class='ocrx_word' id='word_1_48' title='bbox 652 1246 837 1332; x_wconf 89' lang='lat' dir='ltr'><strong>augentur.</strong></span> <span class='ocrx_word' id='word_1_49' title='bbox 888 1232 1071 1309; x_wconf 89' lang='lat' dir='ltr'><strong>Diametro</strong></span> <span class='ocrx_word' id='word_1_50' title='bbox 1105 1234 1197 1306; x_wconf 89' lang='lat' dir='ltr'><strong>enim</strong></span> <span class='ocrx_word' id='word_1_51' title='bbox 1223 1243 1393 1306; x_wconf 89' lang='lat' dir='ltr'><strong>centena-</strong></span> 
     </span>
     <span class='ocr_line' id='line_1_9' title="bbox 200 1348 1393 1448; baseline 0.001 -28"><span class='ocrx_word' id='word_1_52' title='bbox 200 1350 275 1423; x_wconf 82' lang='lat' dir='ltr'><strong>riae</strong></span> <span class='ocrx_word' id='word_1_53' title='bbox 300 1350 465 1424; x_wconf 90' lang='lat' dir='ltr'><strong>adiiciunt</strong></span> <span class='ocrx_word' id='word_1_54' title='bbox 489 1348 589 1448; x_wconf 82' lang='lat' dir='ltr'><strong>digiti</strong></span> <span class='ocrx_word' id='word_1_55' title='bbox 606 1350 750 1426; x_wconf 87' lang='lat' dir='ltr'><strong>bessem</strong></span> <span class='ocrx_word' id='word_1_56' title='bbox 771 1367 806 1424; x_wconf 88' lang='lat' dir='ltr'><strong>et</strong></span> <span class='ocrx_word' id='word_1_57' title='bbox 817 1351 1043 1446; x_wconf 89' lang='lat' dir='ltr'><strong>semunciam,</strong></span> <span class='ocrx_word' id='word_1_58' title='bbox 1065 1348 1248 1445; x_wconf 78' lang='lat' dir='ltr'><strong>capacitati</strong></span> <span class='ocrx_word' id='word_1_59' title='bbox 1266 1351 1393 1446; x_wconf 87' lang='lat' dir='ltr'><strong>quina-</strong></span> 
     </span>
     <span class='ocr_line' id='line_1_10' title="bbox 201 1461 1396 1563; baseline 0 -27"><span class='ocrx_word' id='word_1_60' title='bbox 201 1467 274 1538; x_wconf 88' lang='lat' dir='ltr'><strong>rias</strong></span> <span class='ocrx_word' id='word_1_61' title='bbox 288 1465 422 1561; x_wconf 88' lang='lat' dir='ltr'><strong>decem,</strong></span> <span class='ocrx_word' id='word_1_62' title='bbox 438 1472 638 1563; x_wconf 88' lang='lat' dir='ltr'><strong>semissem,</strong></span> <span class='ocrx_word' id='word_1_63' title='bbox 661 1467 888 1562; x_wconf 85' lang='lat' dir='ltr'><strong>semunciam,</strong></span> <span class='ocrx_word' id='word_1_64' title='bbox 903 1466 1085 1539; x_wconf 89' lang='lat' dir='ltr'><strong>sicilicum.</strong></span> <span class='ocrx_word' id='word_1_65' title='bbox 1122 1461 1322 1540; x_wconf 77' lang='lat' dir='ltr'><strong>Gentenum</strong></span> <span class='ocrx_word' id='word_1_66' title='bbox 1337 1469 1396 1536; x_wconf 92' lang='lat' dir='ltr'><strong>vi-</strong></span> 
     </span>
     <span class='ocr_line' id='line_1_11' title="bbox 201 1581 1392 1680; baseline -0.002 -25"><span class='ocrx_word' id='word_1_67' title='bbox 201 1603 328 1657; x_wconf 88' lang='lat' dir='ltr'><strong>cenum</strong></span> <span class='ocrx_word' id='word_1_68' title='bbox 341 1581 511 1664; x_wconf 85' lang='lat' dir='ltr'><strong>diametro</strong></span> <span class='ocrx_word' id='word_1_69' title='bbox 525 1582 827 1680; x_wconf 89' lang='lat' dir='ltr'><strong>adiiciuntdigitos</strong></span> <span class='ocrx_word' id='word_1_70' title='bbox 840 1595 926 1674; x_wconf 89' lang='lat' dir='ltr'><strong>tres,</strong></span> <span class='ocrx_word' id='word_1_71' title='bbox 936 1593 1153 1678; x_wconf 89' lang='lat' dir='ltr'><strong>septuncem,</strong></span> <span class='ocrx_word' id='word_1_72' title='bbox 1161 1588 1392 1670; x_wconf 87' lang='lat' dir='ltr'><strong>semunciam,</strong></span> 
     </span>
     <span class='ocr_line' id='line_1_12' title="bbox 127 1692 1394 1794; baseline 0.002 -26"><span class='ocrx_word' id='word_1_73' title='bbox 127 1692 178 1768; x_wconf 83' lang='lat'><strong>33</strong></span> <span class='ocrx_word' id='word_1_74' title='bbox 202 1699 385 1794; x_wconf 88' lang='lat' dir='ltr'><strong>capacitati</strong></span> <span class='ocrx_word' id='word_1_75' title='bbox 411 1700 589 1794; x_wconf 86' lang='lat' dir='ltr'><strong>quinarias</strong></span> <span class='ocrx_word' id='word_1_76' title='bbox 614 1697 740 1794; x_wconf 83' lang='lat' dir='ltr'><strong>LXV,</strong></span> <span class='ocrx_word' id='word_1_77' title='bbox 769 1696 982 1793; x_wconf 86' lang='lat' dir='ltr'><strong>dodrantem,</strong></span> <span class='ocrx_word' id='word_1_78' title='bbox 1006 1699 1190 1771; x_wconf 89' lang='lat' dir='ltr'><strong>sicilicum.</strong></span> <span class='ocrx_word' id='word_1_79' title='bbox 1215 1697 1282 1793; x_wconf 87' lang='lat' dir='ltr'><strong>lta,</strong></span> <span class='ocrx_word' id='word_1_80' title='bbox 1311 1696 1394 1771; x_wconf 92' lang='lat' dir='ltr'><strong>dum</strong></span> 
     </span>
    </p>
   </div>
   <div class='ocr_carea' id='block_1_3' title="bbox 114 1878 377 1901">
    <p class='ocr_par' dir='ltr' id='par_1_3' title="bbox 114 1878 377 1901">
     <span class='ocr_line' id='line_1_13' title="bbox 114 1878 377 1901; baseline 0.008 -2"><span class='ocrx_word' id='word_1_81' title='bbox 114 1878 377 1901; x_wconf 46' lang='lat' dir='ltr'><strong>*aa</strong></span> 
     </span>
    </p>
   </div>
   <div class='ocr_carea' id='block_1_4' title="bbox 131 1976 1393 4526">
    <p class='ocr_par' dir='ltr' id='par_1_4' title="bbox 217 1976 1006 2063">
     <span class='ocr_line' id='line_1_14' title="bbox 217 1976 1006 2063; baseline -0.001 -20"><span class='ocrx_word' id='word_1_82' title='bbox 217 2036 221 2043; x_wconf 92' lang='lat'><em>.</em></span> <span class='ocrx_word' id='word_1_83' title='bbox 245 1985 441 2062; x_wconf 85' lang='lat' dir='ltr'><strong>capacitate)</strong></span> <span class='ocrx_word' id='word_1_84' title='bbox 463 1980 588 2043; x_wconf 82' lang='lat' dir='ltr'><strong>Nonne:</strong></span> <span class='ocrx_word' id='word_1_85' title='bbox 616 1976 846 2063; x_wconf 74' lang='lat' dir='ltr'><strong>capacitatem?</strong></span> <span class='ocrx_word' id='word_1_86' title='bbox 867 1979 1006 2043; x_wconf 81' lang='lat' dir='ltr'><strong>lllllNli.</strong></span> 
     </span>
    </p>

    <p class='ocr_par' dir='ltr' id='par_1_5' title="bbox 198 2076 1393 3054">
     <span class='ocr_line' id='line_1_15' title="bbox 241 2076 1226 2160; baseline 0.002 -19"><span class='ocrx_word' id='word_1_87' title='bbox 241 2082 429 2156; x_wconf 67' lang='lat' dir='ltr'><strong>mactantur)</strong></span> <span class='ocrx_word' id='word_1_88' title='bbox 452 2076 478 2143; x_wconf 80' lang='lat' dir='ltr'>C</span> <span class='ocrx_word' id='word_1_89' title='bbox 500 2077 546 2144; x_wconf 85' lang='lat' dir='ltr'><strong>U:</strong></span> <span class='ocrx_word' id='word_1_90' title='bbox 567 2085 713 2143; x_wconf 66' lang='lat' dir='ltr'><strong>mussat.</strong></span> <span class='ocrx_word' id='word_1_91' title='bbox 735 2078 966 2160; x_wconf 79' lang='lat' dir='ltr'><strong>-adiicisatJ</strong></span> <span class='ocrx_word' id='word_1_92' title='bbox 989 2080 1033 2143; x_wconf 85' lang='lat' dir='ltr'><strong>U:</strong></span> <span class='ocrx_word' id='word_1_93' title='bbox 1055 2079 1226 2144; x_wconf 83' lang='lat' dir='ltr'><strong>adiaciaat.</strong></span> 
     </span>
     <span class='ocr_line' id='line_1_16' title="bbox 213 2175 1393 2261; baseline 0.001 -21"><span class='ocrx_word' id='word_1_94' title='bbox 213 2248 216 2253; x_wconf 56' lang='grc'>,</span> <span class='ocrx_word' id='word_1_95' title='bbox 245 2176 336 2258; x_wconf 83' lang='lat' dir='ltr'><strong>dipiti</strong></span> <span class='ocrx_word' id='word_1_96' title='bbox 358 2176 490 2261; x_wconf 78' lang='lat' dir='ltr'><strong>bessem]</strong></span> <span class='ocrx_word' id='word_1_97' title='bbox 505 2176 544 2243; x_wconf 67' lang='grc' dir='ltr'><strong>ι(3</strong></span> <span class='ocrx_word' id='word_1_98' title='bbox 565 2175 609 2245; x_wconf 83' lang='lat' dir='ltr'><strong>Ut</strong></span> <span class='ocrx_word' id='word_1_99' title='bbox 643 2179 787 2261; x_wconf 83' lang='lat' dir='ltr'><strong>dipitilus</strong></span> <span class='ocrx_word' id='word_1_100' title='bbox 812 2179 883 2242; x_wconf 83' lang='lat' dir='ltr'><strong>dese</strong></span> <span class='ocrx_word' id='word_1_101' title='bbox 904 2189 935 2242; x_wconf 89' lang='lat' dir='ltr'><strong>et</strong></span> <span class='ocrx_word' id='word_1_102' title='bbox 955 2200 1026 2242; x_wconf 83' lang='lat' dir='ltr'><strong>scm.</strong></span> <span class='ocrx_word' id='word_1_103' title='bbox 1070 2177 1165 2243; x_wconf 83' lang='lat' dir='ltr'><strong>Cuius</strong></span> <span class='ocrx_word' id='word_1_104' title='bbox 1187 2181 1393 2260; x_wconf 86' lang='lat' dir='ltr'><strong>corruptionis</strong></span> 
     </span>
     <span class='ocr_line' id='line_1_17' title="bbox 204 2278 1393 2360; baseline 0 -20"><span class='ocrx_word' id='word_1_105' title='bbox 204 2293 296 2340; x_wconf 84' lang='lat' dir='ltr'><strong>causa</strong></span> <span class='ocrx_word' id='word_1_106' title='bbox 314 2279 374 2341; x_wconf 84' lang='lat' dir='ltr'><strong>luit</strong></span> <span class='ocrx_word' id='word_1_107' title='bbox 395 2278 496 2341; x_wconf 86' lang='lat' dir='ltr'><strong>littera</strong></span> <span class='ocrx_word' id='word_1_108' title='bbox 517 2278 535 2340; x_wconf 84' lang='lat' dir='ltr'><strong>l</strong></span> <span class='ocrx_word' id='word_1_109' title='bbox 558 2281 757 2358; x_wconf 85' lang='lat' dir='ltr'><strong>praecedeuti</strong></span> <span class='ocrx_word' id='word_1_110' title='bbox 778 2279 929 2341; x_wconf 85' lang='lat' dir='ltr'><strong>vocabulo</strong></span> <span class='ocrx_word' id='word_1_111' title='bbox 952 2278 1040 2360; x_wconf 83' lang='lat' dir='ltr'><strong>dipiti</strong></span> <span class='ocrx_word' id='word_1_112' title='bbox 1061 2281 1174 2343; x_wconf 74' lang='lat' dir='ltr'><strong>adsuta</strong></span> <span class='ocrx_word' id='word_1_113' title='bbox 1217 2279 1265 2348; x_wconf 79' lang='lat' dir='ltr'><strong>Vt</strong></span> <span class='ocrx_word' id='word_1_114' title='bbox 1293 2284 1393 2341; x_wconf 79' lang='lat' dir='ltr'><strong>trisa-</strong></span> 
     </span>
     <span class='ocr_line' id='line_1_18' title="bbox 201 2375 1393 2458; baseline 0.001 -19"><span class='ocrx_word' id='word_1_115' title='bbox 201 2381 244 2441; x_wconf 89' lang='lat' dir='ltr'><strong>tis</strong></span> <span class='ocrx_word' id='word_1_116' title='bbox 271 2375 358 2440; x_wconf 82' lang='lat' dir='ltr'><strong>desse</strong></span> <span class='ocrx_word' id='word_1_117' title='bbox 382 2385 413 2440; x_wconf 84' lang='lat' dir='ltr'><strong>ct</strong></span> <span class='ocrx_word' id='word_1_118' title='bbox 439 2396 524 2455; x_wconf 64' lang='lat' dir='ltr'><strong>aera,</strong></span> <span class='ocrx_word' id='word_1_119' title='bbox 559 2378 664 2458; x_wconf 87' lang='lat' dir='ltr'><strong>primis</strong></span> <span class='ocrx_word' id='word_1_120' title='bbox 697 2377 809 2443; x_wconf 84' lang='lat' dir='ltr'><strong>litteris</strong></span> <span class='ocrx_word' id='word_1_121' title='bbox 839 2387 880 2443; x_wconf 83' lang='lat' dir='ltr'><strong>tr.</strong></span> <span class='ocrx_word' id='word_1_122' title='bbox 908 2380 1037 2441; x_wconf 84' lang='lat' dir='ltr'><strong>obscure</strong></span> <span class='ocrx_word' id='word_1_123' title='bbox 1065 2379 1232 2458; x_wconf 79' lang='lat' dir='ltr'><strong>expressis.</strong></span> <span class='ocrx_word' id='word_1_124' title='bbox 1278 2378 1393 2442; x_wconf 81' lang='lat' dir='ltr'><strong>Contra</strong></span> 
     </span>
     <span class='ocr_line' id='line_1_19' title="bbox 203 2477 1391 2560; baseline -0.001 -21"><span class='ocrx_word' id='word_1_125' title='bbox 203 2478 273 2542; x_wconf 83' lang='lat' dir='ltr'><strong>cdd.</strong></span> <span class='ocrx_word' id='word_1_126' title='bbox 294 2495 356 2540; x_wconf 80' lang='lat' dir='ltr'><strong>rec.</strong></span> <span class='ocrx_word' id='word_1_127' title='bbox 379 2477 492 2539; x_wconf 83' lang='lat' dir='ltr'><strong>diserte</strong></span> <span class='ocrx_word' id='word_1_128' title='bbox 519 2482 643 2541; x_wconf 77' lang='lat' dir='ltr'><strong>trientis</strong></span> <span class='ocrx_word' id='word_1_129' title='bbox 671 2477 796 2542; x_wconf 85' lang='lat' dir='ltr'><strong>lessam.</strong></span> <span class='ocrx_word' id='word_1_130' title='bbox 831 2480 911 2560; x_wconf 90' lang='lat' dir='ltr'><strong>quud</strong></span> <span class='ocrx_word' id='word_1_131' title='bbox 941 2480 1019 2540; x_wconf 89' lang='lat' dir='ltr'><strong>uude</strong></span> <span class='ocrx_word' id='word_1_132' title='bbox 1042 2484 1141 2540; x_wconf 87' lang='lat' dir='ltr'><strong>natum</strong></span> <span class='ocrx_word' id='word_1_133' title='bbox 1163 2479 1216 2554; x_wconf 87' lang='lat' dir='ltr'><strong>sit,</strong></span> <span class='ocrx_word' id='word_1_134' title='bbox 1253 2481 1309 2540; x_wconf 83' lang='lat' dir='ltr'><strong>vix</strong></span> <span class='ocrx_word' id='word_1_135' title='bbox 1332 2481 1391 2540; x_wconf 86' lang='lat' dir='ltr'><strong>dict</strong></span> 
     </span>
     <span class='ocr_line' id='line_1_20' title="bbox 202 2576 1392 2656; baseline 0 -16"><span class='ocrx_word' id='word_1_136' title='bbox 202 2579 317 2656; x_wconf 83' lang='lat' dir='ltr'><strong>potest.</strong></span> <span class='ocrx_word' id='word_1_137' title='bbox 358 2576 407 2638; x_wconf 86' lang='lat' dir='ltr'><strong>lix</strong></span> <span class='ocrx_word' id='word_1_138' title='bbox 427 2576 447 2638; x_wconf 88' lang='lat' dir='ltr'>J</span> <span class='ocrx_word' id='word_1_139' title='bbox 468 2576 492 2637; x_wconf 76' lang='lat' dir='ltr'>F</span> <span class='ocrx_word' id='word_1_140' title='bbox 517 2576 626 2638; x_wconf 88' lang='lat' dir='ltr'><strong>nullam</strong></span> <span class='ocrx_word' id='word_1_141' title='bbox 653 2577 742 2639; x_wconf 88' lang='lat' dir='ltr'><strong>video</strong></span> <span class='ocrx_word' id='word_1_142' title='bbox 770 2577 911 2639; x_wconf 85' lang='lat' dir='ltr'><strong>lectionis</strong></span> <span class='ocrx_word' id='word_1_143' title='bbox 939 2578 1113 2639; x_wconf 82' lang='lat' dir='ltr'><strong>uarietatem</strong></span> <span class='ocrx_word' id='word_1_144' title='bbox 1142 2578 1321 2639; x_wconf 82' lang='lat' dir='ltr'><strong>indicatam:</strong></span> <span class='ocrx_word' id='word_1_145' title='bbox 1360 2588 1392 2640; x_wconf 90' lang='lat' dir='ltr'><strong>ut</strong></span> 
     </span>
     <span class='ocr_line' id='line_1_21' title="bbox 202 2675 1390 2758; baseline 0 -20"><span class='ocrx_word' id='word_1_146' title='bbox 202 2694 268 2739; x_wconf 86' lang='lat' dir='ltr'><strong>oum</strong></span> <span class='ocrx_word' id='word_1_147' title='bbox 300 2675 408 2737; x_wconf 84' lang='lat' dir='ltr'><strong>Poleni</strong></span> <span class='ocrx_word' id='word_1_148' title='bbox 448 2676 654 2738; x_wconf 82' lang='lat' dir='ltr'><strong>emendatione</strong></span> <span class='ocrx_word' id='word_1_149' title='bbox 688 2677 789 2737; x_wconf 85' lang='lat' dir='ltr'><strong>lacere</strong></span> <span class='ocrx_word' id='word_1_150' title='bbox 822 2676 991 2751; x_wconf 84' lang='lat' dir='ltr'><strong>videantur,</strong></span> <span class='ocrx_word' id='word_1_151' title='bbox 1037 2696 1122 2758; x_wconf 88' lang='lat' dir='ltr'><strong>quam</strong></span> <span class='ocrx_word' id='word_1_152' title='bbox 1155 2682 1280 2738; x_wconf 83' lang='lat' dir='ltr'><strong>secutus</strong></span> <span class='ocrx_word' id='word_1_153' title='bbox 1313 2698 1390 2739; x_wconf 84' lang='lat' dir='ltr'><strong>suar.</strong></span> 
     </span>
     <span class='ocr_line' id='line_1_22' title="bbox 202 2773 1391 2855; baseline 0.003 -20"><span class='ocrx_word' id='word_1_154' title='bbox 202 2773 365 2837; x_wconf 84' lang='lat' dir='ltr'><strong>Praeterea</strong></span> <span class='ocrx_word' id='word_1_155' title='bbox 386 2774 416 2834; x_wconf 91' lang='lat' dir='ltr'><strong>in</strong></span> <span class='ocrx_word' id='word_1_156' title='bbox 437 2774 463 2835; x_wconf 89' lang='lat' dir='ltr'>B</span> <span class='ocrx_word' id='word_1_157' title='bbox 486 2777 518 2836; x_wconf 85' lang='lat' dir='ltr'><strong>et</strong></span> <span class='ocrx_word' id='word_1_158' title='bbox 538 2774 579 2837; x_wconf 78' lang='lat' dir='ltr'><strong>al.</strong></span> <span class='ocrx_word' id='word_1_159' title='bbox 600 2790 663 2836; x_wconf 81' lang='lat' dir='ltr'><strong>rec.</strong></span> <span class='ocrx_word' id='word_1_160' title='bbox 684 2773 771 2837; x_wconf 89' lang='lat' dir='ltr'><strong>locus</strong></span> <span class='ocrx_word' id='word_1_161' title='bbox 792 2773 837 2835; x_wconf 87' lang='lat' dir='ltr'><strong>sic</strong></span> <span class='ocrx_word' id='word_1_162' title='bbox 859 2773 1056 2851; x_wconf 74' lang='lat' dir='ltr'><strong>deprecatur:</strong></span> <span class='ocrx_word' id='word_1_163' title='bbox 1083 2776 1141 2838; x_wconf 84' lang='lat' dir='ltr'><strong>sed</strong></span> <span class='ocrx_word' id='word_1_164' title='bbox 1162 2785 1311 2855; x_wconf 74' lang='lat' dir='ltr'><strong>asperatur</strong></span> <span class='ocrx_word' id='word_1_165' title='bbox 1333 2799 1391 2840; x_wconf 88' lang='lat' dir='ltr'><strong>aec</strong></span> 
     </span>
     <span class='ocr_line' id='line_1_23' title="bbox 202 2863 1391 2954; baseline 0.005 -21"><span class='ocrx_word' id='word_1_166' title='bbox 202 2892 261 2934; x_wconf 84' lang='lat' dir='ltr'><strong>asu</strong></span> <span class='ocrx_word' id='word_1_167' title='bbox 279 2871 425 2954; x_wconf 74' lang='lat' dir='ltr'><strong>frequens</strong></span> <span class='ocrx_word' id='word_1_168' title='bbox 445 2877 502 2950; x_wconf 79' lang='lat' dir='ltr'><strong>est,</strong></span> <span class='ocrx_word' id='word_1_169' title='bbox 542 2872 689 2934; x_wconf 83' lang='lat' dir='ltr'><strong>diametra</strong></span> <span class='ocrx_word' id='word_1_170' title='bbox 719 2863 901 2935; x_wconf 76' lang='lat' dir='ltr'><strong>adiecerant</strong></span> <span class='ocrx_word' id='word_1_171' title='bbox 925 2876 1045 2935; x_wconf 82' lang='lat' dir='ltr'><strong>trientis</strong></span> <span class='ocrx_word' id='word_1_172' title='bbox 1072 2872 1112 2953; x_wconf 74' lang='lat' dir='ltr'><strong>la,</strong></span> <span class='ocrx_word' id='word_1_173' title='bbox 1150 2875 1213 2936; x_wconf 86' lang='lat' dir='ltr'><strong>illis</strong></span> <span class='ocrx_word' id='word_1_174' title='bbox 1248 2896 1306 2938; x_wconf 80' lang='lat' dir='ltr'><strong>neo</strong></span> <span class='ocrx_word' id='word_1_175' title='bbox 1333 2898 1391 2939; x_wconf 80' lang='lat' dir='ltr'><strong>aaa</strong></span> 
     </span>
     <span class='ocr_line' id='line_1_24' title="bbox 198 2969 1090 3054; baseline 0.006 -21"><span class='ocrx_word' id='word_1_176' title='bbox 198 2972 349 3054; x_wconf 58' lang='lat' dir='ltr'><strong>*frequens</strong></span> <span class='ocrx_word' id='word_1_177' title='bbox 369 2978 417 3035; x_wconf 84' lang='lat' dir='ltr'><strong>est</strong></span> <span class='ocrx_word' id='word_1_178' title='bbox 437 2989 478 3033; x_wconf 88' lang='lat' dir='ltr'><strong>ex</strong></span> <span class='ocrx_word' id='word_1_179' title='bbox 498 2971 582 3033; x_wconf 92' lang='lat' dir='ltr'><strong>initio</strong></span> <span class='ocrx_word' id='word_1_180' title='bbox 604 2969 695 3036; x_wconf 87' lang='lat' dir='ltr'><strong>lrulus</strong></span> <span class='ocrx_word' id='word_1_181' title='bbox 715 2972 785 3034; x_wconf 81' lang='lat' dir='ltr'><strong>Art.</strong></span> <span class='ocrx_word' id='word_1_182' title='bbox 807 2970 866 3033; x_wconf 88' lang='lat' dir='ltr'><strong>lruc</strong></span> <span class='ocrx_word' id='word_1_183' title='bbox 888 2974 1090 3053; x_wconf 85' lang='lat' dir='ltr'><strong>transpositis.</strong></span> 
     </span>
    </p>

    <p class='ocr_par' dir='ltr' id='par_1_6' title="bbox 198 3070 1391 3551">
     <span class='ocr_line' id='line_1_25' title="bbox 252 3070 817 3155; baseline -0.007 -21"><span class='ocrx_word' id='word_1_184' title='bbox 252 3073 333 3155; x_wconf 83' lang='lat' dir='ltr'><strong>puin.</strong></span> <span class='ocrx_word' id='word_1_185' title='bbox 355 3070 474 3145; x_wconf 82' lang='lat' dir='ltr'><strong>decem)</strong></span> <span class='ocrx_word' id='word_1_186' title='bbox 498 3070 522 3133; x_wconf 77' lang='lat' dir='ltr'>F</span> <span class='ocrx_word' id='word_1_187' title='bbox 541 3071 576 3133; x_wconf 84' lang='lat' dir='ltr'><strong>J:</strong></span> <span class='ocrx_word' id='word_1_188' title='bbox 599 3073 817 3154; x_wconf 77' lang='lat' dir='ltr'><strong>petrariarum.</strong></span> 
     </span>
     <span class='ocr_line' id='line_1_26' title="bbox 204 3167 1391 3253; baseline 0.002 -18"><span class='ocrx_word' id='word_1_189' title='bbox 204 3180 360 3239; x_wconf 74' lang='lat' dir='ltr'><strong>aemesam</strong></span> <span class='ocrx_word' id='word_1_190' title='bbox 379 3167 535 3253; x_wconf 78' lang='lat' dir='ltr'><strong>vicenum)</strong></span> <span class='ocrx_word' id='word_1_191' title='bbox 571 3170 656 3234; x_wconf 86' lang='lat' dir='ltr'><strong>Libri</strong></span> <span class='ocrx_word' id='word_1_192' title='bbox 690 3188 794 3231; x_wconf 87' lang='lat' dir='ltr'><strong>omues</strong></span> <span class='ocrx_word' id='word_1_193' title='bbox 817 3180 942 3233; x_wconf 72' lang='lat' dir='ltr'><strong>cea’eao</strong></span> <span class='ocrx_word' id='word_1_194' title='bbox 963 3175 1086 3234; x_wconf 81' lang='lat' dir='ltr'><strong>cicccc.</strong></span> <span class='ocrx_word' id='word_1_195' title='bbox 1132 3174 1252 3236; x_wconf 85' lang='lat' dir='ltr'><strong>dativus</strong></span> <span class='ocrx_word' id='word_1_196' title='bbox 1274 3176 1314 3237; x_wconf 74' lang='lat' dir='ltr'><strong>cli</strong></span> <span class='ocrx_word' id='word_1_197' title='bbox 1336 3196 1391 3237; x_wconf 88' lang='lat' dir='ltr'><strong>sc-</strong></span> 
     </span>
     <span class='ocr_line' id='line_1_27' title="bbox 203 3269 1391 3355; baseline 0.003 -22"><span class='ocrx_word' id='word_1_198' title='bbox 203 3290 300 3355; x_wconf 85' lang='lat' dir='ltr'><strong>quans</strong></span> <span class='ocrx_word' id='word_1_199' title='bbox 334 3269 479 3334; x_wconf 68' lang='lat' dir='ltr'><strong>samaro</strong></span> <span class='ocrx_word' id='word_1_200' title='bbox 505 3286 562 3349; x_wconf 88' lang='lat' dir='ltr'><strong>per</strong></span> <span class='ocrx_word' id='word_1_201' title='bbox 589 3271 794 3332; x_wconf 68' lang='lat' dir='ltr'><strong>siccationem</strong></span> <span class='ocrx_word' id='word_1_202' title='bbox 822 3271 966 3352; x_wconf 88' lang='lat' dir='ltr'><strong>quandam</strong></span> <span class='ocrx_word' id='word_1_203' title='bbox 1001 3276 1096 3349; x_wconf 87' lang='lat' dir='ltr'><strong>ortus,</strong></span> <span class='ocrx_word' id='word_1_204' title='bbox 1140 3282 1216 3352; x_wconf 84' lang='lat' dir='ltr'><strong>apud</strong></span> <span class='ocrx_word' id='word_1_205' title='bbox 1251 3273 1391 3336; x_wconf 85' lang='lat' dir='ltr'><strong>librarios</strong></span> 
     </span>
     <span class='ocr_line' id='line_1_28' title="bbox 198 3368 1390 3455; baseline 0.002 -21"><span class='ocrx_word' id='word_1_206' title='bbox 198 3371 342 3450; x_wconf 58' lang='lat' dir='ltr'><strong>‚obvim</strong></span> <span class='ocrx_word' id='word_1_207' title='bbox 378 3369 430 3451; x_wconf 84' lang='lat' dir='ltr'><strong>qul</strong></span> <span class='ocrx_word' id='word_1_208' title='bbox 456 3371 614 3449; x_wconf 87' lang='lat' dir='ltr'><strong>praeterea</strong></span> <span class='ocrx_word' id='word_1_209' title='bbox 640 3368 721 3432; x_wconf 88' lang='lat' dir='ltr'><strong>lraud</strong></span> <span class='ocrx_word' id='word_1_210' title='bbox 747 3369 956 3447; x_wconf 84' lang='lat' dir='ltr'><strong>meminerant,</strong></span> <span class='ocrx_word' id='word_1_211' title='bbox 994 3371 1101 3454; x_wconf 81' lang='lat' dir='ltr'><strong>uirique</strong></span> <span class='ocrx_word' id='word_1_212' title='bbox 1129 3373 1189 3434; x_wconf 88' lang='lat' dir='ltr'><strong>dici</strong></span> <span class='ocrx_word' id='word_1_213' title='bbox 1217 3391 1390 3455; x_wconf 82' lang='lat' dir='ltr'><strong>scuposas</strong></span> 
     </span>
     <span class='ocr_line' id='line_1_29' title="bbox 204 3467 967 3551; baseline -0.001 -20"><span class='ocrx_word' id='word_1_214' title='bbox 204 3468 263 3531; x_wconf 83' lang='lat' dir='ltr'><strong>ru’sl</strong></span> <span class='ocrx_word' id='word_1_215' title='bbox 284 3467 439 3531; x_wconf 71' lang='lat' dir='ltr'><strong>emesam</strong></span> <span class='ocrx_word' id='word_1_216' title='bbox 458 3467 607 3544; x_wconf 77' lang='lat' dir='ltr'><strong>sicandro,</strong></span> <span class='ocrx_word' id='word_1_217' title='bbox 629 3469 667 3530; x_wconf 93' lang='lat' dir='ltr'><strong>dc</strong></span> <span class='ocrx_word' id='word_1_218' title='bbox 688 3486 747 3551; x_wconf 84' lang='lat' dir='ltr'><strong>quc</strong></span> <span class='ocrx_word' id='word_1_219' title='bbox 768 3468 806 3530; x_wconf 85' lang='lat' dir='ltr'><strong>ad</strong></span> <span class='ocrx_word' id='word_1_220' title='bbox 826 3467 895 3534; x_wconf 82' lang='lat' dir='ltr'><strong>Art</strong></span> <span class='ocrx_word' id='word_1_221' title='bbox 917 3473 967 3531; x_wconf 82' lang='grc'><strong>29.</strong></span> 
     </span>
    </p>

    <p class='ocr_par' dir='ltr' id='par_1_7' title="bbox 193 3564 1390 3848">
     <span class='ocr_line' id='line_1_30' title="bbox 244 3564 701 3643; baseline 0.002 -13"><span class='ocrx_word' id='word_1_222' title='bbox 244 3565 413 3643; x_wconf 82' lang='lat' dir='ltr'><strong>adiiciant)</strong></span> <span class='ocrx_word' id='word_1_223' title='bbox 436 3564 528 3633; x_wconf 80' lang='lat' dir='ltr'><strong>CUt</strong></span> <span class='ocrx_word' id='word_1_224' title='bbox 550 3567 701 3634; x_wconf 72' lang='lat' dir='ltr'><strong>adiciant.</strong></span> 
     </span>
     <span class='ocr_line' id='line_1_31' title="bbox 193 3663 1390 3755; baseline 0.007 -28"><span class='ocrx_word' id='word_1_225' title='bbox 193 3704 197 3711; x_wconf 92' lang='lat'><em>·</em></span> <span class='ocrx_word' id='word_1_226' title='bbox 198 3669 406 3749; x_wconf 75' lang='lat' dir='ltr'><strong>quinarias</strong></span> <span class='ocrx_word' id='word_1_227' title='bbox 426 3663 541 3749; x_wconf 64' lang='lat' dir='ltr'><strong>12va</strong></span> <span class='ocrx_word' id='word_1_228' title='bbox 562 3666 663 3730; x_wconf 71' lang='lat' dir='ltr'><strong>amn:</strong></span> <span class='ocrx_word' id='word_1_229' title='bbox 684 3671 826 3752; x_wconf 65' lang='lat' dir='ltr'><strong>pinaria</strong></span> <span class='ocrx_word' id='word_1_230' title='bbox 847 3667 904 3742; x_wconf 85' lang='lat' dir='ltr'><strong>(al.</strong></span> <span class='ocrx_word' id='word_1_231' title='bbox 892 3672 1130 3753; x_wconf 83' lang='lat' dir='ltr'><strong>.paiaariuram.</strong></span> <span class='ocrx_word' id='word_1_232' title='bbox 1152 3670 1191 3732; x_wconf 87' lang='lat' dir='ltr'><strong>al.</strong></span> <span class='ocrx_word' id='word_1_233' title='bbox 1214 3675 1390 3755; x_wconf 80' lang='lat' dir='ltr'><strong>patinarias)</strong></span> 
     </span>
     <span class='ocr_line' id='line_1_32' title="bbox 203 3762 1263 3848; baseline 0 -18"><span class='ocrx_word' id='word_1_234' title='bbox 203 3762 320 3830; x_wconf 69' lang='lat' dir='ltr'><strong>cxvi</strong></span> <span class='ocrx_word' id='word_1_235' title='bbox 334 3775 513 3832; x_wconf 74' lang='lat' dir='ltr'><strong>sectantem.</strong></span> <span class='ocrx_word' id='word_1_236' title='bbox 540 3765 648 3830; x_wconf 85' lang='lat' dir='ltr'><strong>Polcnl</strong></span> <span class='ocrx_word' id='word_1_237' title='bbox 671 3767 838 3833; x_wconf 87' lang='lat' dir='ltr'><strong>emendatio</strong></span> <span class='ocrx_word' id='word_1_238' title='bbox 859 3768 1003 3848; x_wconf 85' lang='lat' dir='ltr'><strong>probatur</strong></span> <span class='ocrx_word' id='word_1_239' title='bbox 1029 3769 1263 3848; x_wconf 87' lang='lat' dir='ltr'><strong>computatione.</strong></span> 
     </span>
    </p>

    <p class='ocr_par' dir='ltr' id='par_1_8' title="bbox 138 3862 1390 4048">
     <span class='ocr_line' id='line_1_33' title="bbox 138 3862 1390 3949; baseline 0 -17"><span class='ocrx_word' id='word_1_240' title='bbox 138 3874 173 3932; x_wconf 73' lang='lat' dir='ltr'><strong>tt</strong></span> <span class='ocrx_word' id='word_1_241' title='bbox 247 3862 430 3948; x_wconf 64' lang='lat' dir='ltr'><strong>permitti</strong></span> <span class='ocrx_word' id='word_1_242' title='bbox 452 3884 666 3949; x_wconf 74' lang='lat' dir='ltr'><strong>omnesquae</strong></span> <span class='ocrx_word' id='word_1_243' title='bbox 688 3884 765 3949; x_wconf 83' lang='lat' dir='ltr'><strong>quac</strong></span> <span class='ocrx_word' id='word_1_244' title='bbox 786 3867 959 3948; x_wconf 86' lang='lat' dir='ltr'><strong>corruptela</strong></span> <span class='ocrx_word' id='word_1_245' title='bbox 974 3866 1093 3929; x_wconf 87' lang='lat' dir='ltr'><strong>litterae</strong></span> <span class='ocrx_word' id='word_1_246' title='bbox 1114 3887 1132 3930; x_wconf 90' lang='lat' dir='ltr'><strong>s</strong></span> <span class='ocrx_word' id='word_1_247' title='bbox 1152 3871 1310 3949; x_wconf 81' lang='lat' dir='ltr'><strong>sequentis</strong></span> <span class='ocrx_word' id='word_1_248' title='bbox 1330 3889 1390 3934; x_wconf 83' lang='lat' dir='ltr'><strong>ro-</strong></span> 
     </span>
     <span class='ocr_line' id='line_1_34' title="bbox 204 3963 1066 4048; baseline -0.001 -21"><span class='ocrx_word' id='word_1_249' title='bbox 204 3963 304 4027; x_wconf 76' lang='lat' dir='ltr'><strong>csltull</strong></span> <span class='ocrx_word' id='word_1_250' title='bbox 325 3963 461 4027; x_wconf 82' lang='lat' dir='ltr'><strong>debetur.</strong></span> <span class='ocrx_word' id='word_1_251' title='bbox 502 3963 600 4032; x_wconf 82' lang='lat' dir='ltr'><strong>Intrat</strong></span> <span class='ocrx_word' id='word_1_252' title='bbox 629 3964 738 4048; x_wconf 68' lang='lat' dir='ltr'><strong>padus</strong></span> <span class='ocrx_word' id='word_1_253' title='bbox 759 3985 877 4048; x_wconf 82' lang='lat' dir='ltr'><strong>seraper</strong></span> <span class='ocrx_word' id='word_1_254' title='bbox 897 3969 1066 4046; x_wconf 85' lang='lat' dir='ltr'><strong>accipiant.</strong></span> 
     </span>
    </p>

    <p class='ocr_par' dir='ltr' id='par_1_9' title="bbox 131 4062 1391 4526">
     <span class='ocr_line' id='line_1_35' title="bbox 131 4062 1391 4137; baseline 0.002 -10"><span class='ocrx_word' id='word_1_255' title='bbox 131 4109 132 4112; x_wconf 63' lang='lat'><strong>,</strong></span> <span class='ocrx_word' id='word_1_256' title='bbox 248 4062 427 4137; x_wconf 61' lang='lat' dir='ltr'><strong>wratis)</strong></span> <span class='ocrx_word' id='word_1_257' title='bbox 459 4062 506 4126; x_wconf 87' lang='lat' dir='ltr'><strong>V:</strong></span> <span class='ocrx_word' id='word_1_258' title='bbox 533 4062 619 4126; x_wconf 83' lang='lat' dir='ltr'><strong>datar</strong></span> <span class='ocrx_word' id='word_1_259' title='bbox 638 4063 746 4127; x_wconf 66' lang='lat' dir='ltr'><strong>dada:</strong></span> <span class='ocrx_word' id='word_1_260' title='bbox 773 4073 808 4127; x_wconf 82' lang='lat' dir='ltr'><strong>at</strong></span> <span class='ocrx_word' id='word_1_261' title='bbox 829 4073 908 4129; x_wconf 80' lang='lat' dir='ltr'><strong>cent.</strong></span> <span class='ocrx_word' id='word_1_262' title='bbox 950 4065 989 4128; x_wconf 82' lang='lat' dir='ltr'><strong>l&#39;:</strong></span> <span class='ocrx_word' id='word_1_263' title='bbox 1012 4065 1161 4129; x_wconf 62' lang='lat' dir='ltr'><strong>dearum.</strong></span> <span class='ocrx_word' id='word_1_264' title='bbox 1203 4066 1391 4130; x_wconf 82' lang='lat' dir='ltr'><strong>Reducenda</strong></span> 
     </span>
     <span class='ocr_line' id='line_1_36' title="bbox 193 4159 1391 4245; baseline 0.002 -20"><span class='ocrx_word' id='word_1_265' title='bbox 193 4161 313 4225; x_wconf 75' lang='lat' dir='ltr'><strong>,sordes</strong></span> <span class='ocrx_word' id='word_1_266' title='bbox 337 4161 382 4231; x_wconf 63' lang='lat' dir='ltr'><strong>ad,</strong></span> <span class='ocrx_word' id='word_1_267' title='bbox 406 4159 444 4240; x_wconf 84' lang='lat'><strong>0,</strong></span> <span class='ocrx_word' id='word_1_268' title='bbox 472 4163 503 4224; x_wconf 89' lang='lat' dir='ltr'><strong>tu</strong></span> <span class='ocrx_word' id='word_1_269' title='bbox 528 4180 587 4244; x_wconf 88' lang='lat' dir='ltr'><strong>quo</strong></span> <span class='ocrx_word' id='word_1_270' title='bbox 615 4161 768 4240; x_wconf 69' lang='lat' dir='ltr'><strong>saraam</strong></span> <span class='ocrx_word' id='word_1_271' title='bbox 802 4161 914 4225; x_wconf 85' lang='lat' dir='ltr'><strong>omissa</strong></span> <span class='ocrx_word' id='word_1_272' title='bbox 941 4163 972 4225; x_wconf 82' lang='lat' dir='ltr'><strong>ir.</strong></span> <span class='ocrx_word' id='word_1_273' title='bbox 1016 4159 1160 4245; x_wconf 78' lang='lat' dir='ltr'><strong>Saepissc</strong></span> <span class='ocrx_word' id='word_1_274' title='bbox 1186 4163 1262 4227; x_wconf 84' lang='lat' dir='ltr'><strong>haec</strong></span> <span class='ocrx_word' id='word_1_275' title='bbox 1279 4167 1391 4230; x_wconf 86' lang='lat' dir='ltr'><strong>littera</strong></span> 
     </span>
     <span class='ocr_line' id='line_1_37' title="bbox 204 4258 1390 4342; baseline 0.001 -17"><span class='ocrx_word' id='word_1_276' title='bbox 204 4261 236 4325; x_wconf 87' lang='lat' dir='ltr'><strong>iu</strong></span> <span class='ocrx_word' id='word_1_277' title='bbox 262 4258 349 4322; x_wconf 84' lang='lat' dir='ltr'><strong>libris</strong></span> <span class='ocrx_word' id='word_1_278' title='bbox 377 4260 575 4324; x_wconf 84' lang='lat' dir='ltr'><strong>desideratur.</strong></span> <span class='ocrx_word' id='word_1_279' title='bbox 623 4260 705 4324; x_wconf 80' lang='lat' dir='ltr'><strong>Intra</strong></span> <span class='ocrx_word' id='word_1_280' title='bbox 724 4258 767 4325; x_wconf 82' lang='lat' dir='ltr'><strong>U:</strong></span> <span class='ocrx_word' id='word_1_281' title='bbox 810 4271 939 4324; x_wconf 70' lang='lat' dir='ltr'><strong>erasmo</strong></span> <span class='ocrx_word' id='word_1_282' title='bbox 965 4281 1022 4342; x_wconf 87' lang='lat' dir='ltr'><strong>pra</strong></span> <span class='ocrx_word' id='word_1_283' title='bbox 1049 4263 1210 4329; x_wconf 72' lang='lat' dir='ltr'><strong>calamia.</strong></span> <span class='ocrx_word' id='word_1_284' title='bbox 1252 4266 1323 4328; x_wconf 83' lang='lat' dir='ltr'><strong>Art.</strong></span> <span class='ocrx_word' id='word_1_285' title='bbox 1349 4270 1390 4326; x_wconf 76' lang='lat'><strong>22</strong></span> 
     </span>
     <span class='ocr_line' id='line_1_38' title="bbox 206 4355 1385 4440; baseline 0.002 -17"><span class='ocrx_word' id='word_1_286' title='bbox 206 4360 238 4429; x_wconf 86' lang='lat' dir='ltr'><strong>ct</strong></span> <span class='ocrx_word' id='word_1_287' title='bbox 258 4357 330 4423; x_wconf 74' lang='lat' dir='ltr'><strong>alili</strong></span> <span class='ocrx_word' id='word_1_288' title='bbox 352 4355 379 4421; x_wconf 81' lang='lat' dir='ltr'><strong><em>G</em></strong></span> <span class='ocrx_word' id='word_1_289' title='bbox 401 4357 447 4422; x_wconf 84' lang='lat' dir='ltr'><strong>U:</strong></span> <span class='ocrx_word' id='word_1_290' title='bbox 480 4364 559 4424; x_wconf 84' lang='lat' dir='ltr'><strong>ortis</strong></span> <span class='ocrx_word' id='word_1_291' title='bbox 583 4378 639 4440; x_wconf 86' lang='lat' dir='ltr'><strong>pro</strong></span> <span class='ocrx_word' id='word_1_292' title='bbox 661 4360 769 4425; x_wconf 79' lang='lat' dir='ltr'><strong>tortis.</strong></span> <span class='ocrx_word' id='word_1_293' title='bbox 810 4360 881 4424; x_wconf 82' lang='lat' dir='ltr'><strong>Art</strong></span> <span class='ocrx_word' id='word_1_294' title='bbox 904 4368 943 4432; x_wconf 82' lang='lat'><strong>25</strong></span> <span class='ocrx_word' id='word_1_295' title='bbox 967 4359 1011 4426; x_wconf 80' lang='lat' dir='ltr'><strong>(lt</strong></span> <span class='ocrx_word' id='word_1_296' title='bbox 1046 4362 1214 4427; x_wconf 85' lang='lat' dir='ltr'><strong>adtraitar.</strong></span> <span class='ocrx_word' id='word_1_297' title='bbox 1256 4366 1327 4429; x_wconf 79' lang='lat' dir='ltr'><strong>Art.</strong></span> <span class='ocrx_word' id='word_1_298' title='bbox 1352 4367 1385 4426; x_wconf 90' lang='lat' dir='ltr'><strong>ll</strong></span> 
     </span>
     <span class='ocr_line' id='line_1_39' title="bbox 206 4455 1390 4526; baseline 0.002 -2"><span class='ocrx_word' id='word_1_299' title='bbox 206 4455 251 4524; x_wconf 75' lang='lat' dir='ltr'><strong>Gt</strong></span> <span class='ocrx_word' id='word_1_300' title='bbox 292 4457 457 4524; x_wconf 82' lang='lat' dir='ltr'><strong>datraeret·</strong></span> <span class='ocrx_word' id='word_1_301' title='bbox 500 4458 569 4524; x_wconf 81' lang='lat' dir='ltr'><strong>Art</strong></span> <span class='ocrx_word' id='word_1_302' title='bbox 592 4462 631 4522; x_wconf 82' lang='lat' dir='ltr'><strong>i2</strong></span> <span class='ocrx_word' id='word_1_303' title='bbox 654 4458 697 4524; x_wconf 81' lang='lat' dir='ltr'><strong>C:</strong></span> <span class='ocrx_word' id='word_1_304' title='bbox 729 4459 859 4524; x_wconf 79' lang='lat' dir='ltr'><strong>suberat.</strong></span> <span class='ocrx_word' id='word_1_305' title='bbox 902 4459 1016 4526; x_wconf 81' lang='lat' dir='ltr'><strong>Contra</strong></span> <span class='ocrx_word' id='word_1_306' title='bbox 1043 4480 1080 4524; x_wconf 85' lang='lat' dir='ltr'><strong>ea</strong></span> <span class='ocrx_word' id='word_1_307' title='bbox 1100 4462 1169 4526; x_wconf 83' lang='lat' dir='ltr'><strong>allis</strong></span> <span class='ocrx_word' id='word_1_308' title='bbox 1188 4462 1268 4526; x_wconf 83' lang='lat' dir='ltr'><strong>lacis</strong></span> <span class='ocrx_word' id='word_1_309' title='bbox 1288 4461 1390 4526; x_wconf 81' lang='lat' dir='ltr'><strong>litters</strong></span> 
     </span>
    </p>
   </div>
   <div class='ocr_carea' id='block_1_5' title="bbox 0 0 1494 4950">
    <p class='ocr_par' dir='ltr' id='par_1_10' title="bbox 0 0 1494 4950">
     <span class='ocr_line' id='line_1_40' title="bbox 0 0 1494 4950; baseline 0 1"><span class='ocrx_word' id='word_1_310' title='bbox 0 0 1494 4950; x_wconf 95' lang='lat' dir='ltr'><strong> </strong></span> 
     </span>
    </p>
   </div>
  </div>
 </body>
</html>
