2978 4988
139 308 218 386 xn
619 274 943 389 abnnramo.

138 540 266 617 fecit.
327 538 498 619 Secunda
541 538 621 617 libri
664 542 794 643 pagina
839 540 1013 642 completa
1053 550 1110 617 est
1147 543 1339 621 rationibus
1374 568 1421 619 ac

138 672 255 773 signis
273 696 508 770 numerorum,
534 648 860 773 computationibus⁷
886 685 983 772 puto,
1010 698 1189 774 aquarum,
1206 701 1281 776 per
1298 677 1422 752 varios

127 802 267 881 ducms
291 805 327 879 in
351 803 488 884 Urbem
511 804 743 901 influentium3
782 806 909 905 quibus
933 806 1097 882 librarius
1122 807 1261 883 videtur
1283 811 1420 884 verita-

130 946 210 1013 'tc'm
241 960 363 1013 corum
394 938 629 1036 requisivisse
657 934 890 1034 numerorum,
941 939 1001 1037 qui
1032 951 1131 1014 erant
1161 941 1197 1015 in
1231 943 1423 1041 exemplari

137 1092 217 1145 suo.
255 1069 304 1145 'ln
326 1070 549 1169 tertio-folio,
577 1070 671 1169 quod
696 1073 739 1146 ab
766 1092 821 1169 co,
849 1072 907 1170 qui
933 1071 1091 1147 codicem
1114 1073 1267 1170 scripsit,
1290 1073 1423 1149 nudum

136 1202 297 1277 ralicbrm
327 1202 402 1301 suit,
455 1212 512 1278 est
542 1202 708 1278 iudicium
738 1203 863 1280 Lucae
896 1204 1073 1281 Holstenii
1106 1204 1151 1279 de
1183 1204 1251 1280 boo
1284 1205 1420 1303 codice,

135 1332 264 1409 iisdem
298 1336 433 1434 verbis,
480 1336 606 1434 quibus
644 1360 754 1436 supra
789 1337 894 1436 posui
933 1360 979 1411 ex
1015 1336 1190 1434 catalogo.
1239 1336 1421 1413 Holstenii

138 1490 224 1569 csse
260 1466 350 1542 hacc
385 1467 507 1565 verba,
547 1467 703 1543 declarat
738 1494 865 1544 nomen
903 1472 982 1544 eius
1022 1471 1246 1544 subnotatum
1277 1472 1420 1568 propria

135 1622 252 1679 nanu.
313 1600 357 1677 ln
401 1600 527 1676 eodem
562 1601 646 1677 iolio
685 1611 741 1676 est
777 1612 961 1700 praeterea
999 1601 1151 1698 sigillum
1189 1601 1421 1679 bibliothecae

136 1734 270 1833 regiae.
321 1731 495 1830 Sequenti
519 1732 668 1831 denique
692 1736 821 1834 pagina
845 1734 965 1830 incipit
989 1730 1285 1830 Commentarius,
1312 1739 1414 1809 cuius

135 1866 259 1939 fituius
295 1866 419 1941 litteris
456 1868 663 1941 maiusculis
702 1893 745 1941 ao
780 1866 888 1940 rubro
925 1866 1060 1962 liquore
1097 1867 1253 1963 scriptus
1291 1867 1345 1940 sio
1377 1889 1420 1940 se

136 1972 265 2075 tabo:
327 1997 445 2073 Julii
481 1999 694 2075 Frontini
737 1999 791 2074 dc
835 2023 983 2097 aquae
1023 1995 1244 2077 ductibus
1288 1997 1421 2087 urbis

136 2127 309 2207 Romae
339 2130 459 2205 liber
490 2133 673 2231 primus,
730 2132 772 2205 In
803 2130 871 2206 boo
905 2131 997 2205 enim
1030 2130 1152 2207 codice
1189 2129 1421 2208 Commenta-

136 2263 212 2337 rius
236 2265 272 2337 in
297 2262 387 2338 duos
412 2264 522 2338 libros
547 2263 684 2338 diubus
711 2274 776 2361 est,
804 2287 951 2360 quorum
977 2263 1065 2337 alter
1087 2264 1206 2362 incipit
1230 2287 1251 2337 a
1275 2263 1420 2339 verbis:

136 2395 430 2497 Persecutus
464 2421 515 2471 ea
549 2421 662 2495 quae
696 2395 747 2472 de
780 2397 978 2471 modulis
1013 2395 1104 2469 dici
1130 2395 1218 2468 suit
1250 2419 1422 2471 neces-

137 2500 326 2605 sariba
355 2529 440 2626 (ed.
464 2531 604 2628 Bipont.
636 2557 670 2627 p.
697 2527 781 2603 178.
815 2528 999 2624 §dess
1050 2527 1221 2625 Sequitur
1252 2528 1288 2602 in
1320 2533 1422 2625 epis-

136 2661 210 2736 tola
244 2660 382 2738 Mennii
418 2660 586 2735 iudicium
624 2662 668 2736 de
707 2661 1007 2736 emendationibus
1046 2665 1135 2734 inter
1171 2662 1283 2741 lineas
1309 2669 1344 2732 et
1374 2659 1421 2732 ad

135 2798 332 2893 marginem
356 2797 540 2893 appositis.
589 2792 726 2892 „Quod
758 2794 807 2867 ad·
828 2799 978 2868 intextas
1004 2786 1264 2867 emendationes
1288 2795 1419 2886 attinet,

20 2909 24 2917 ⁸
137 2906 387 3025 distinguenda
411 2936 494 3001 sunt
518 2925 587 3001 duo
613 2951 745 3024 genera
771 2925 994 3022 additionum,
1023 2950 1168 3022 quarum
1192 2947 1282 2998 unae
1309 2923 1422 2996 sactae

138 3068 223 3135 sunt
252 3070 444 3135 atramento
478 3059 613 3156 eodem,
653 3080 722 3157 quo
755 3069 850 3133 totus
880 3060 970 3135 liber
995 3064 1150 3155 scriptus
1177 3066 1242 3152 ast,
1284 3067 1319 3130 et
1343 3061 1422 3129 sine

127 3193 210 3269 ‘ulla
233 3170 448 3268 dubitatione
474 3192 517 3267 ab
544 3191 669 3267 eodem
691 3192 853 3285 librar-im
886 3191 1016 3265 alterae
1041 3215 1138 3284 vero,
1165 3225 1214 3240 —
1241 3187 1423 3263 ethorum

137 3348 307 3405 numerus
342 3326 451 3401 multo
488 3330 599 3399 maior
635 3325 812 3422 prioribus
849 3361 910 3422 —,
963 3329 1116 3420 scriptae
1159 3329 1242 3392 sunt
1277 3319 1423 3394 humore

138 3458 259 3555 rubro,
292 3463 481 3533 maximam
512 3467 548 3533 et
579 3462 681 3556 ipsae
712 3456 818 3530 ductu
849 3458 1039 3531 litterarum
1070 3452 1330 3526 similitudinem
1355 3450 1422 3523 ba-

139 3576 264 3668 bentes
296 3614 376 3664 cum
399 3592 534 3689 reliquo
559 3591 660 3667 libro.
709 3589 771 3665 Ex
796 3614 865 3688 quo
890 3589 938 3686 fit,
977 3599 1016 3660 ut
1040 3585 1155 3660 codex
1178 3586 1235 3659 bis
1261 3582 1424 3656 videatur

138 3727 346 3822 recognitus
373 3747 456 3797 esse
483 3735 518 3797 et
542 3732 723 3798 correctus
748 3750 769 3797 a
793 3724 948 3816 librario,
973 3730 1013 3792 ut
1033 3717 1194 3815 equidem
1212 3716 1419 3813 putaverim,

121 3855 285 3951 -eodem3
331 3861 392 3953 qui
414 3857 542 3931 rubras
567 3855 697 3930 adiecit
721 3855 992 3948 emendationes
1037 3856 1074 3924 in
1098 3851 1167 3936 alio
1192 3848 1316 3925 codice
1339 3851 1422 3920 sive

139 3993 274 4088 scripto
299 3993 381 4063 sive
406 3988 498 4064 edito
524 3999 694 4088 repertas,
721 3993 908 4063 maximam
931 4010 1018 4059 vero
1043 3993 1177 4082 partem
1204 4007 1250 4057 ex
1274 3983 1421 4053 coniec-

138 4120 366 4217 marcatas,
410 4145 515 4218 quum
533 4127 610 4196 'iarn
633 4133 735 4197 antea
759 4127 849 4194 inter
873 4117 1096 4192 scribendum
1120 4115 1238 4209 multo,
1277 4116 1314 4185 in
1338 4117 1421 4209 qui-

139 4254 208 4331 bus
239 4252 440 4352 haesitaret,
478 4261 675 4330 notavisset
709 4262 745 4328 et
766 4251 928 4327 nonnulla
954 4256 1058 4325 etiam
1081 4273 1148 4323 suo
1172 4244 1316 4322 arbitrio
1340 4254 1421 4320 ten-

137 4393 254 4463 tasset
275 4388 403 4463 melius
428 4393 653 4484 constituere,
687 4409 790 4483 quam
813 4389 995 4458 invenerat
1017 4388 1054 4459 in
1079 4380 1253 4480 exemplo,
1280 4405 1327 4455 ex
1351 4401 1420 4476 quo

139 4542 244 4599 ouum
268 4516 427 4600 codicem
450 4516 731 4619 transscripsit“
779 4517 840 4600 De
868 4523 1038 4596 universa
1061 4513 1199 4591 codicis
1223 4511 1421 4591 conditione
