2978 4988
543 281 866 361 PRAEFATIO.
1262 284 1367 363 XXI

77 511 216 592 Arce
248 514 380 614 edpr.
407 515 460 590 ad
484 516 791 590 ministerium
816 526 984 611 tamen,
1021 515 1087 590 sed
1106 515 1193 594 Soli.
1221 528 1365 593 tamen

78 647 1368 747 administerinm.Art.109ed.pi·.modoettempore,sed

81 779 172 861 Scli.
207 781 336 856 modo
370 793 585 881 tempore
641 780 723 854 Ait.
750 779 823 855 124
857 781 912 855 ed.
942 809 993 880 pr.
1028 783 1182 857 nibem
1215 782 1368 857 desti-

80 924 188 1010 tuet,
230 914 297 988 sed
335 913 422 992 Soli.
461 914 614 989 urbem
651 913 837 987 Romam
874 914 1111 988 destituet.
1173 914 1256 988 Ait.
1295 912 1370 989 129

80 1046 137 1122 ed.
165 1073 216 1146 pr.
243 1046 431 1120 niliilnm
458 1048 721 1143 abrogatur,
758 1045 823 1119 sed
849 1044 938 1123 Soli.
965 1046 1077 1121 nihil
1103 1047 1369 1144 abrogatur.

78 1181 122 1254 In
146 1180 281 1275 veinis,
323 1203 413 1276 quae
438 1178 484 1253 ad
509 1178 642 1273 calcem
668 1177 722 1252 ed.
748 1179 914 1276 principis
939 1178 1114 1277 leguntur,
1151 1178 1205 1252 eil.
1233 1178 1369 1256 Schul·
1473 1153 1479 1161 ’

78 1314 140 1387 tnii
167 1311 291 1387 habet:
333 1311 382 1385 ln
416 1313 586 1409 spatiis
621 1310 737 1384 enim
770 1315 813 1384 in
848 1309 1023 1385 ordine.
1075 1308 1179 1402 Quae
1212 1312 1369 1393 vai-tenc

80 1469 148 1519 nos
174 1446 282 1542 cogit,
311 1457 348 1517 ut
372 1455 554 1541 utramque
581 1442 635 1518 eil.
662 1445 818 1517 intense
844 1443 1019 1517 diversam
1048 1466 1133 1517 esse
1158 1453 1366 1541 statuamus,
1403 1502 1407 1509 .

82 1588 231 1652 attamen
269 1577 416 1651 alteram
453 1600 499 1650 ex
537 1578 646 1652 altera
687 1576 909 1674 descriptam.
988 1577 1049 1652 Ex
1088 1600 1178 1650 anno
1217 1586 1253 1650 et
1289 1575 1368 1653 loco

80 1709 237 1808 (venet.
274 1707 410 1806 1495),
458 1709 492 1782 in
538 1709 607 1782 line
642 1709 949 1806 Panepistemonis
996 1707 1153 1803 adiectis,
1210 1708 1370 1787 Frontini

77 1842 235 1918 libellum
271 1842 474 1936 mirabilem,
514 1841 563 1916 illi
602 1842 809 1938 subiectum,
851 1841 896 1915 ad
934 1840 1083 1916 eundem
1121 1842 1297 1939 pertinere
1333 1851 1370 1923 ut

78 1976 196 2051 locuni
223 1985 258 2050 et
282 1998 410 2050 annum
435 1975 614 2069 coniicias,
641 1972 792 2071 ideoque
815 1974 1052 2051 aFlorentina
1076 2000 1131 2048 an.
1158 1972 1257 2048 1496
1282 1998 1370 2051 esse

78 2107 273 2183 diversum.
334 2105 442 2182 Haud
477 2107 668 2207 probabilis
707 2108 948 2195 coniectina„
981 2106 1092 2183 Immo
1132 2106 1248 2203 editio,
1300 2130 1370 2206 qua

79 2240 288 2319 Schultnius
327 2265 417 2352 usus
455 2251 522 2336 est,
562 2240 701 2315 videtur
738 2263 824 2314 esse
862 2265 931 2316 una
970 2240 1163 2336 eademque
1197 2265 1277 2315 oiim
1310 2241 1370 2316 illa

80 2374 294 2448 llloientina.
369 2374 465 2448 Nam
501 2373 622 2446 titulus
659 2370 752 2446 idem
791 2382 865 2464 est;
898 2373 1071 2447 ·Polenus
1110 2382 1237 2468 autem,
1277 2371 1369 2449 liunc

81 2516 212 2581 tantuin
257 2517 292 2580 et
335 2507 494 2603 proxime
531 2513 731 2579 annotatum
768 2528 896 2579 annum
933 2505 1119 2600 locumque
1157 2504 1367 2602 respiciens,

79 2638 193 2739 ipsam
218 2638 324 2713 libelli
350 2639 621 2737 inscriptionem,
655 2636 770 2712 medio
796 2636 972 2713 volumine
998 2646 1205 2730 contentam,
1241 2637 1368 2736 negle-

79 2773 141 2847 xit.
191 2769 312 2866 Adde,
361 2769 455 2868 quod
480 2768 564 2845 Art.
592 2769 666 2844 124
702 2780 851 2868 utraque
890 2770 996 2847 editio
1035 2772 1095 2868 (et
1121 2768 1296 2848 Schultzii
1334 2782 1371 2847 et

79 2904 283 2979 Florentino
322 2929 377 2979 an.
415 2899 537 2998 1496)
590 2903 736 2979 eandem
774 2903 941 3001 praebeat
983 2904 1167 3015 lectionem
1213 2902 1370 2989 urbem

78 3037 265 3112 Romam
289 3036 539 3130 destituet,
583 3047 629 3132 et,
665 3037 698 3110 si
722 3036 882 3113 Poleniis
908 3037 1007 3134 plura
1033 3060 1079 3110 ex
1105 3061 1171 3110 sna
1197 3034 1252 3110 ed.
1278 3060 1369 3112 cno-

78 3180 203 3266 tcsset,
242 3169 367 3269 procul
403 3167 509 3243 dubio
537 3169 721 3267 probatum
758 3168 909 3263 daretur,
954 3179 1135 3265 utramque
1173 3192 1244 3242 non
1280 3192 1368 3245 esse

78 3301 266 3377 diversam.
301 3340 354 3361 ν-
390 3301 452 3377 Elii
481 3302 651 3376 varietate
690 3325 799 3401 supra
839 3303 1021 3401 proposita
1060 3299 1256 3398 editionem,
1296 3323 1368 3435 qpa

79 3432 287 3512 Schultzins
320 3459 411 3509 usus
442 3445 509 3533 est,
550 3458 635 3509 esse
669 3460 715 3509 ex
748 3433 803 3510 ed.
837 3437 992 3534 principe
1023 3434 1149 3509 Poleni
1182 3433 1366 3533 repetitam

78 3567 299 3666 collegimus.
349 3567 519 3643 Attamen
553 3577 620 3664 est,
661 3566 754 3665 qnod
787 3578 858 3643 tani
883 3569 1057 3643 Polenum
1090 3591 1194 3665 quani
1227 3565 1363 3645 scini-

77 3701 187 3776 tuium
212 3701 247 3775 in
272 3699 445 3780 enotanda
477 3703 646 3777 varietate
680 3701 808 3799 ubique
842 3727 896 3797 ea,
937 3724 1005 3798 qua
1037 3701 1097 3775 tali
1129 3703 1164 3774 in
1197 3726 1237 3775 re
1271 3680 1366 3800 opus

62 3812 145 3932 est,
186 3833 256 3910 fide
281 3858 324 3909 ac
348 3833 519 3933 religione
545 3835 671 3933 egisse
695 3833 799 3908 valde
825 3832 997 3926 dubitem3
1035 3834 1071 3907 id
1097 3832 1191 3930 quod
1216 3833 1363 3933 indii„

44 4012 49 4024 ·
76 3977 159 4043 nott.
185 3967 275 4042 meis
300 3966 393 4042 liaud
418 3967 530 4042 semel
555 3965 771 4069 reprehendi.
823 3966 1016 4042 Praeterea
1047 3968 1147 4042 locos
1173 3965 1364 4081 gravipnes

76 4110 208 4175 tantuin
234 4125 303 4175 non
329 4124 452 4177 omnes
477 4111 550 4176 toto
575 4101 663 4176 lilino
690 4101 914 4198 comparanti,
941 4100 999 4174 illa
1022 4101 1182 4175 lectionis
1208 4096 1362 4175 varietas
1412 4160 1415 4165 .

74 4233 206 4317 minimi
239 4232 421 4309 habebitur
453 4258 733 4332 persuasumque
769 4233 871 4308 lacile
904 4235 980 4329 erit,
1020 4245 1202 4329 utramque
1234 4229 1362 4307 editio-

50 4368 166 4463 nem,
214 4367 388 4441 nonnullis
428 4367 607 4442 erroribus
648 4367 924 4466 typographicis,
964 4366 1190 4463 negligentiis
1222 4363 1363 4456 levibus

35 4552 38 4561 ·
75 4498 393 4598 mutationibusque
433 4501 606 4612 exceptis,
653 4523 766 4598 paene
804 4498 885 4575 nihil
922 4498 1069 4573 differre.
1122 4493 1364 4587 Quamobrem
