2978 4988
100 276 229 411 rea¹
521 326 962 407 ammornmomns.

103 572 221 651 diglreit
242 570 271 628 in
293 567 346 628 der
367 565 449 627 Tirat
470 562 553 626 mehr
572 561 617 623 als
639 562 687 623 die
708 559 800 623 durch
816 562 967 640 iiiessnng
987 564 1179 642 geiundenen
1200 569 1283 626 4138
1298 566 1380 628 Frin-

100 690 149 750 irr
175 685 295 759 betrug.
337 681 398 744 Die
427 679 627 761 Consequere
656 679 714 739 und
742 678 881 740 Klarheit
912 681 942 740 in
972 681 1071 741 dieser
1098 680 1298 761 Darstellung
1326 682 1380 744 des

98 801 279 865 versassers
300 794 417 858 erlaubt
438 794 530 856 daher
550 793 647 872 nicht,
670 792 729 855 ihm
750 794 800 856 dic
821 815 882 857 von
903 796 958 855 mir
978 796 1381 872 eingelriammertenWorte

98 917 179 981 unda
200 934 266 977 oum
288 911 426 996 alioquin
445 912 493 972 his
513 911 567 974 ΙΙΙ
576 911 699 974 milliara
715 910 883 974 001.er
898 912 1154 994 nunusclrreihen,
1176 916 1307 977 sondern
1329 933 1381 975 er-

97 1034 195 1097 tenue
217 1028 266 1092 ich
289 1029 372 1095 darin
395 1029 444 1092 die
465 1026 552 1090 Hand
573 1027 627 1091 des
646 1026 894 1110 Interpolators.“

714 1232 763 1291 14.

180 1385 400 1454 annotaturou)
428 1380 451 1440 i.
476 1396 504 1440 e.
533 1382 713 1458 miraturos,
741 1378 904 1441 auiiallend
932 1379 1043 1442 finden.
1086 1381 1164 1442 Plin.
1193 1382 1234 1442 H.
1261 1383 1301 1443 N.
1325 1383 1381 1445 111.

96 1519 130 1580 p.
146 1504 225 1562 226:
253 1497 344 1559 Ilaec
370 1496 465 1558 litora
490 1526 532 1538 -
558 1503 753 1557 annotantur.
797 1494 922 1581 Quintil.
944 1501 980 1575 8,
1005 1502 1037 1577 1,
1060 1501 1097 1560 2:
1125 1505 1270 1560 annotata
1292 1504 1382 1562 unius

98 1618 264 1700 affectione
288 1611 384 1675 uerti.
426 1610 564 1674 HBINR.
608 1612 684 1676 Item
712 1621 860 1674 annotare
887 1613 1057 1691 significat,
1086 1632 1166 1691 rem,
1197 1616 1280 1677 cuins
1308 1635 1382 1677 vera

102 1751 192 1795 causa
216 1750 272 1792 nos
298 1729 407 1807 lateat,
437 1746 492 1790 seu
513 1746 589 1810 quae
610 1728 683 1788 mira
704 1729 792 1790 nohis
813 1729 968 1807 videatur,
999 1731 1178 1808 cogitationi
1199 1734 1230 1793 et
1251 1733 1381 1793 investi-

97 1848 214 1927 gationi
236 1845 404 1922 subiicere,
433 1842 485 1904 rel
507 1846 592 1925 quasi
612 1842 684 1906 noti
705 1842 825 1925 appictia
846 1846 1074 1923 investigationi
1096 1835 1308 1908 subiiciendam
1329 1868 1382 1909 re-

98 1980 230 2025 servare.
274 1961 342 2022 Art.
369 1964 445 2022 loc:
477 1959 514 2022 In
540 1960 600 2021 troo
626 1958 661 2022 S.
690 1961 723 2024 C.
753 1961 937 2024 crediderim
965 1963 1184 2038 annotandum,
1213 1964 1295 2046 qaod
1323 1944 1382 2026 etc.

100 2076 149 2145 Gi.
173 2078 238 2141 Art.
259 2080 335 2138 106:
360 2075 480 2154 diqaum
501 2080 698 2138 annotatione
718 2085 776 2138 eet.
798 2079 848 2138 ubi
870 2077 938 2138 libri
959 2078 1093 2159 plurimi:
1115 2079 1327 2140 admiratione.

180 2199 211 2255 in
232 2198 360 2266 tontum)
383 2190 503 2254 nunna.
526 2192 564 2252 ad
585 2191 700 2255 Vellei.
722 2212 754 2273 p.
772 2195 823 2257 33.
856 2193 969 2255 Vellei.
991 2214 1022 2274 p.
1042 2197 1118 2257 115:
1141 2199 1318 2272 intantum,
1339 2201 1382 2256 ut.

100 2316 131 2374 et
151 2311 283 2388 saepius.
328 2308 380 2371 Sia
402 2311 433 2370 in
453 2307 575 2370 muttum
597 2307 757 2370 Forceilin.
780 2310 810 2369 in
831 2330 863 2370 v.
884 2311 967 2372 matt.
1009 2310 1148 2374 HEINR.

182 2425 251 2487 dura
274 2424 419 2506 beneficia
440 2430 517 2499 etc.)
543 2424 578 2485 ld
601 2426 666 2487 est:
690 2425 757 2486 dum
778 2425 935 2504 Principes
955 2428 1112 2506 putantes,
1135 2445 1169 2487 se
1190 2445 1284 2506 posse
1307 2447 1383 2490 coo-

100 2541 208 2606 ocdere
237 2543 386 2622 quinarias
416 2544 545 2619 li,018‚
575 2558 652 2621 quae
678 2541 861 2620 apparebant
886 2544 917 2602 in
938 2543 1114 2620 erogatione
1143 2546 1195 2614 (v.
1217 2542 1286 2605 Art.
1303 2548 1382 2620 64),

99 2658 332 2740 nescientesque
360 2675 461 2718 veram
491 2658 607 2737 copiam
635 2675 729 2738 aquae
760 2659 886 2718 omnium
915 2660 1148 2739 aquaeductuum
1177 2665 1315 2720 constare
1343 2679 1383 2721 ex

100 2773 241 2857 quinariis
264 2778 378 2849 nistra
408 2778 463 2844 (v.
485 2779 547 2836 not.
570 2777 600 2836 6.
622 2772 676 2837 111.
697 2772 735 2833 ad
754 2774 825 2834 Art.
842 2776 920 2851 64),
954 2774 1216 2856 concedentesque
1237 2775 1385 2836 beneficia

99 2907 155 2953 ana
181 2891 345 2950 secundum
373 2891 564 2967 apparentem
590 2887 670 2950 illam
692 2889 915 2967 erogationem,
943 2890 1117 2952 amittebant
1138 2891 1259 2953 circiter
1281 2891 1384 2953 decern

100 3004 191 3069 millia
212 3004 420 3085 quinariarum.
463 3004 555 3067 POL.

182 3119 371 3202 temperant)
405 3120 427 3180 i.
451 3122 602 3201 tribuunt,
624 3121 794 3200 assignant,
817 3120 1004 3199 dispensant
1045 3122 1191 3187 HEINR.

720 3320 769 3382 15.

183 3472 337 3556 Sequens}
365 3475 385 3535 i.
404 3493 433 3536 e.
454 3475 522 3563 alia.
564 3468 704 3533 liniare.

181 3589 299 3668 forratas
320 3589 469 3672 rivorum]
492 3591 540 3652 De
560 3589 670 3668 formis
690 3590 821 3648 ricorran
837 3586 967 3649 Polenus
983 3588 1059 3651 haec
1076 3590 1213 3654 disserit:
1238 3591 1388 3670 „Furinae

102 3704 275 3783 significant
296 3705 356 3767 iroc
377 3706 447 3769 loco
470 3701 600 3778 fistulas,
624 3703 733 3781 tubos,
755 3721 809 3764 sen
831 3722 959 3783 specus,
989 3724 1044 3784 per
1065 3725 1141 3787 quos
1163 3725 1238 3788 aqua
1260 3707 1387 3771 ducitur.

102 3817 149 3883 lta
171 3820 321 3883 Sidonius
342 3823 399 3903 lip.
421 3821 445 3883 Ι.
467 3827 505 3883 5:
533 3819 639 3880 Potuit
659 3827 689 3881 et
708 3817 807 3881 Romu
828 3825 1028 3903 conspectui:
1054 3825 1141 3884 euius
1161 3822 1232 3883 mitti
1251 3843 1312 3884 non
1333 3841 1388 3884 so-

103 3937 163 3998 lum
188 3938 323 4016 formas,
354 3958 458 4000 cerum
482 3939 573 3997 etiarn
608 3934 808 4010 naumachiae
835 3937 964 4000 uidetur
989 3947 1177 4020 epotaturus.
1219 3937 1271 4000 Au
1302 3956 1387 4020 quem

105 4051 225 4114 Sidonii
247 4053 344 4114 iocum
366 4053 431 4116 Jac.
449 4050 625 4113 Sirmondus
646 4053 773 4131 exponit
796 4071 931 4132 causam,
955 4071 1006 4114 cnr
1027 4055 1158 4115 rivorum
1180 4052 1300 4116 canales
1321 4055 1387 4114 tor-

104 4186 169 4229 rnae
190 4173 406 4248 nuncupentur.
445 4167 560 4230 Nomen
584 4166 723 4249 (scribit)
746 4169 829 4249 inde,
852 4172 885 4231 ut
906 4173 1045 4249 apparet,
1067 4171 1148 4251 quod
1168 4168 1299 4231 subditis
1322 4170 1388 4230 ior-

104 4283 160 4344 mis
182 4286 413 4349 instruebantur.
448 4283 514 4371 Qua
534 4286 650 4347 ratione
672 4286 815 4347 sormacci
838 4303 956 4367 quoque
974 4284 1115 4347 Airomm
1130 4285 1388 4368 Hispanorumque

106 4416 148 4460 cx
170 4404 249 4461 terra
268 4401 401 4480 parietes
425 4400 513 4479 dicti,
536 4403 672 4482 quoniam
695 4404 725 4462 in
746 4404 841 4463 torma
862 4400 1052 4462 circumdatis
1074 4400 1187 4463 duabus
1210 4400 1320 4462 tabuiis
1340 4403 1388 4462 in-

104 4514 283 4595 ferciuntur,
306 4524 337 4576 ut
361 4514 450 4577 daret
471 4515 585 4580 Plinius
606 4518 739 4583 xxiv.
762 4516 833 4580 li.“
854 4547 896 4560 ·-
932 4515 1046 4581 Eodem
1068 4521 1157 4581 modo
1179 4520 1390 4597 interpretatur
