2978 4988
444 335 515 410 DE
541 336 731 429 AQUAF.
756 339 1038 423 DUO'l'IBUS.

99 567 256 642 milliaria
283 569 496 667 caepissent,
535 582 698 668 quantum
730 574 960 651 subterraneo
987 578 1075 674 riva,
1120 588 1283 674 quantum

99 684 370 783 substructione,
415 698 581 783 quantum
614 713 722 787 apere
755 703 915 786 arcuat03
957 706 1039 792 pust
1072 693 1308 770 altitudinem-

98 893 363 916 w

100 1022 156 1086 que
175 1002 285 1066 modus
313 1022 353 1066 ex
374 1001 401 1066 U
432 1004 674 1086 transuersum,
701 1023 775 1087 quac
801 1007 931 1070 nimirum
962 1013 1027 1072 ortu
1053 1028 1122 1072 csse
1151 1010 1289 1072 videntur

100 1119 139 1165 cx
159 1121 212 1164 ara
233 1101 293 1164 ioci
331 1103 586 1183 uterpretaticuc.

180 1209 213 1264 et
233 1222 273 1264 en
292 1202 360 1284 tas)
391 1200 435 1266 C:
460 1212 492 1263 et
511 1224 550 1265 eu
571 1208 610 1264 ts.
640 1201 685 1264 U:
715 1214 795 1266 eteu
826 1210 904 1289 quis.
938 1207 1032 1269 VF:
1055 1214 1086 1269 et
1107 1228 1146 1270 ec
1169 1209 1287 1292 quidus.

183 1301 331 1364 maltiares
352 1302 532 1384 appellant)
555 1302 636 1364 Libri
659 1322 760 1364 carnes
781 1307 991 1387 appellantur.
1013 1307 1090 1368 uude
1104 1306 1177 1369 Scir.
1192 1308 1289 1384 legit:

102 1400 235 1463 cultiora
256 1402 464 1485 appellantur,
487 1401 552 1463 scii.
578 1421 707 1463 munera.
737 1403 805 1465 Nau
827 1407 985 1467 assentior.
1013 1426 1046 1466 v.
1068 1404 1195 1468 Anuatt.
1218 1403 1290 1466 Siu-

102 1499 214 1578 guiaris
237 1506 284 1563 est
304 1501 394 1563 lectio
415 1501 511 1562 Paris.
535 1497 682 1563 cultiores
702 1522 753 1563 res
775 1505 982 1586 appellantes.
998 1539 1037 1548 -
1057 1503 1084 1566 U
1106 1523 1163 1565 our.
1182 1508 1269 1566 enim.

185 1599 324 1681 lacibus)
347 1600 393 1662 lta
415 1598 451 1664 C.
474 1621 508 1661 v·
530 1600 830 1664 Auuott.-namine
852 1603 964 1685 Caes.)
988 1603 1061 1666 Scir.
1077 1604 1154 1680 legit
1166 1607 1289 1682 nomint,

103 1701 285 1762 assentiento
311 1699 412 1761 Hciur.
436 1720 468 1760 v.
492 1700 528 1761 ad
549 1699 619 1762 Art.
643 1706 694 1762 ts.
718 1698 761 1762 C:
783 1707 902 1765 nomine
921 1703 1001 1765 tuta·
1024 1703 1183 1766 Caesaris.

183 1799 273 1879 aaut)
295 1799 411 1862 ualdus.
433 1799 574 1861 lliilNR.
668 1792 675 1813 ‘

186 1897 270 1982 quad
290 1900 357 1978 ius)
379 1900 500 1960 Excidit
518 1908 672 1982 postrema
695 1901 896 1984 autdenr'quc,
918 1902 1089 1982 absorptum
1108 1899 1293 1963 avuaabuiu

104 1997 316 2078 praecedente.
338 1997 479 2060 liidiNR.

187 2112 393 2176 ducendarum
414 2115 651 2199 tuendarumque
670 2119 746 2192 etc.)
769 2117 836 2179 Pol.
859 2135 922 2177 curu
944 2116 1039 2178 Paris
1062 2118 1093 2177 ct
1115 2115 1191 2177 edd:
1215 2114 1296 2199 quod

105 2219 152 2277 ius
174 2213 353 2276 tuendarum
373 2217 417 2275 sit
436 2235 550 2276 earum.
594 2213 657 2276 Sed
687 2215 818 2277 Frontiui
844 2235 955 2277 manum
978 2217 1070 2276 fuisse
1093 2215 1187 2294 aliam,
1210 2215 1294 2275 trium
1363 2259 1367 2268 .

107 2315 195 2376 ccdd.
224 2317 352 2390 arguunt
378 2314 526 2390 vestigia:
570 2314 652 2397 quad
679 2319 727 2376 lus
752 2314 989 2397 tuendarumque
1031 2315 1097 2387 (Vt
1125 2315 1228 2396 quae)
1256 2319 1300 2376 stt

109 2412 167 2486 (Ut
190 2415 270 2492 aiut)
303 2431 465 2496 eurumque
507 2414 569 2485 (Vt
593 2433 712 2488 earum,
743 2415 839 2496 quac)
870 2412 904 2474 td
929 2418 1072 2475 sanciant
1092 2413 1157 2485 (Vt
1177 2412 1297 2494 faciat)

106 2531 210 2595 poena
238 2517 299 2574 etc.
347 2511 469 2594 Aliquid
498 2514 635 2573 omissum
664 2530 734 2572 essu
769 2517 837 2573 autc
865 2513 1101 2594 tuendarumque
1128 2513 1297 2592 suspicatus

108 2613 184 2674 Scir.
208 2616 256 2688 (et
276 2615 348 2692 post
369 2631 433 2674 eum
456 2612 577 2686 lieiur.)
601 2612 723 2673 inscruit
746 2611 951 2672 ducendarum
958 2631 973 2688 ,·
995 2629 1119 2692 eumque
1140 2613 1224 2673 rectu
1246 2611 1297 2671 ie-

110 2714 200 2792 cisse,
222 2716 347 2792 apparet
368 2730 408 2772 cx
429 2711 532 2772 verbis
554 2711 622 2774 Art.
646 2716 703 2772 94:
726 2711 880 2794 Sequitur,
902 2720 937 2774 ut
956 2711 1132 2790 indicemus,
1155 2709 1237 2793 quod
1251 2714 1299 2772 ius

111 2806 271 2874 ducendae
291 2812 481 2893 tuendaeque
502 2814 544 2872 sit
564 2830 674 2893 aquae.
697 2845 735 2856 -
758 2811 897 2889 Pergilur
924 2810 953 2871 iu
982 2810 1051 2872 cdd.
1083 2823 1153 2872 rec:
1185 2829 1298 2888 earum,

111 2930 171 2993 quc
200 2918 392 2972 contumaces
418 2910 595 2991 afficiantur
617 2930 736 2993 poena,
764 2932 803 2972 eu
831 2911 916 2991 leqe,
947 2908 1080 2972 Senatus
1102 2910 1249 2972 consultis
1271 2918 1303 2971 et

111 3010 264 3072 mandatis
282 3014 454 3093 principum
474 3014 624 3091 irruqatc.
668 3010 762 3072 Paris.
789 3010 812 3070 F
834 3011 868 3072 J:
898 3029 958 3093 qua
984 3009 1018 3070 tu
1047 3010 1169 3089 afficiat
1185 3027 1298 3090 paena,

113 3112 352 3190 lupe-irraqata.
397 3110 596 3171 Contumncea
625 3115 673 3172 cst
698 3111 879 3189 interpretis.
930 3109 1024 3171 Verbi
1059 3109 1181 3188 afficiat
1215 3109 1300 3180 (itam

113 3211 308 3291 afficiantur)
332 3208 418 3286 origo
441 3209 608 3270 rcduueuda
630 3214 677 3271 cst
699 3209 915 3299 nd-iccticuem
937 3208 1043 3270 cod.V
1055 3208 1168 3288 faciat,
1192 3206 1320 3285 dcprn-'

113 3316 210 3371 vatam
239 3309 394 3370 manifesto
424 3327 464 3379 cx
491 3310 665 3388 compendio
693 3314 797 3371 saciat
826 3310 848 3369 i.
876 3327 905 3370 e.
934 3311 1067 3369 sanciat.
1109 3305 1303 3367 Pcssumdata

114 3409 255 3490 quaedam
276 3412 344 3471 suut
366 3409 451 3469 etiam
474 3408 503 3468 iu
526 3408 631 3487 codd.3
654 3428 774 3490 quorum
796 3408 842 3470 V:
871 3426 974 3489 paena
996 3412 1043 3468 cat
1063 3405 1302 3484 lcqe-irraqata.

116 3508 159 3570 U:
179 3528 321 3592 paenae
343 3509 603 3587 ape-inruqatae.
648 3507 693 3571 0:
714 3506 836 3591 paena!
864 3509 976 3587 elipe.
999 3513 1124 3566 senatus
1146 3503 1305 3565 consulto!

115 3607 268 3669 mandatis
288 3626 339 3689 pr.
362 3611 534 3685 inruqatae.
578 3608 641 3670 Sed
664 3608 806 3668 eiusmodi
829 3606 900 3669 iaaac
922 3608 1006 3681 suut,
1036 3607 1070 3664 ut
1096 3622 1155 3664 nou
1182 3603 1307 3683 amplius

117 3707 303 3769 dubitandum
326 3707 374 3786 sit,
401 3706 468 3788 quin
490 3710 572 3768 recte
595 3705 661 3767 Pol.
686 3707 828 3768 ediderit:
860 3725 938 3789 quae
966 3704 999 3776 td
1025 3707 1168 3766 sanciant
1185 3723 1307 3785 paenae

117 3829 156 3870 eu
177 3808 261 3888 lcqe,
290 3806 423 3868 Senatus
450 3808 599 3869 conseritis
629 3813 660 3868 et
684 3827 722 3866 m.
750 3826 801 3889 pr.
830 3810 998 3883 irraqatae.
1021 3803 1072 3865 vei
1093 3805 1193 3883 potius
1215 3802 1307 3868 Suu:

119 3927 255 3991 quaeque
280 3906 314 3968 td
340 3912 483 3969 sanciunt
510 3912 569 3969 etc.
613 3906 727 3982 Legem
758 3904 853 3965 habes
875 3903 944 3965 Art.
976 3910 1047 3981 129,
1081 3904 1211 3967 Senatus
1233 3924 1308 3968 cun-

119 4008 195 4071 suita
214 4008 283 4069 iudc
304 4007 340 4068 ah
363 4006 432 4068 Art.
458 4012 525 4068 100.
569 4006 673 4067 iieiur.
696 4005 820 4084 amplius
842 4004 991 4065 correxit:
1020 4023 1099 4087 quae
1127 4011 1203 4081 sint,
1232 4025 1311 4089 quae

118 4107 152 4168 td
171 4111 323 4170 sanciant.
367 4107 499 4167 Frustra.
522 4105 663 4168 Lihcutcr
684 4111 786 4168 uculru
807 4105 970 4186 aruplectur
992 4105 1056 4201 epus
1078 4105 1309 4167 eurcudationcur

119 4207 248 4287 lepidus.
295 4207 438 4287 Disputat
470 4210 565 4268 alutem
599 4209 658 4268 ita:
702 4207 799 4284 „Erat
832 4207 942 4284 sigium
979 4205 1040 4286 leq.
1074 4204 1095 4265 i.
1120 4223 1149 4267 e.
1180 4205 1310 4285 lepidus.
1433 4218 1436 4222 ’

118 4306 187 4368 Art.
210 4313 269 4369 94:
292 4307 389 4387 leque.
423 4306 493 4369 Art.
516 4315 573 4370 95:
597 4308 727 4388 lepidus.
757 4306 827 4369 Art.
851 4313 931 4370 103:
955 4310 1052 4388 leqeu.
1096 4305 1129 4368 lu
1152 4324 1209 4388 quc
1232 4304 1312 4382 sigla

115 4425 182 4468 cum
211 4413 323 4471 erraret
349 4406 504 4489 librarius,
532 4408 651 4487 scripsit
673 4409 758 4488 leqc,
787 4409 876 4490 idque
903 4427 1004 4470 rursus
1038 4406 1237 4488 [depravatum
1266 4409 1313 4468 est

119 4508 147 4569 iu
175 4507 264 4569 ucdd.
