2978 4988
105 315 238 410 xxm
599 322 922 410 russorum

104 567 197 643 tione
220 567 352 640 rimosa
377 574 412 640 et
437 564 642 638 cicatricosa
667 566 833 641 sensibus
868 575 903 641 et
936 566 1055 640 verbis
1088 572 1281 664 anctorum·
1300 587 1385 661 per·

103 699 235 797 ceptis,
270 707 367 772 recto
403 696 528 771 iudicio
554 697 758 794 sarciendo,
792 698 911 799 lingua
943 700 1145 773 restituetur
1169 708 1205 772 et
1229 696 1385 773 doctrina

102 831 310 930 priscorum.
336 829 464 904 Vale.“
494 830 612 908 Unum
636 829 721 904 illud
747 831 945 928 exemplar,
974 857 994 905 a
1020 831 1185 906 Jocundo
1211 831 1385 904 collatum.

102 961 198 1060 quod
222 962 343 1059 luerit,
380 987 492 1060 supra·
523 961 858 1056 demonstravimus3
894 964 957 1038 luit
981 967 1143 1061 antiquus
1168 961 1304 1057 codex,
1341 984 1387 1036 ex

100 1114 173 1193 qno
197 1094 312 1169 codex
337 1094 534 1190 Parisinus⁷
575 1093 619 1168 de
646 1118 714 1192 quo
741 1119 849 1194 supra
875 1096 1149 1195 disputavimus,
1186 1095 1387 1193 descriptus

101 1236 170 1303 est
218 1226 327 1302 Errat
352 1238 468 1303 autem
492 1226 662 1325 Polenus,
692 1253 737 1302 ex
764 1229 934 1327 epistolae
966 1230 1086 1305 verbis
1120 1232 1206 1327 (ex
1240 1227 1388 1302 colla-

100 1361 225 1436 tione
250 1358 612 1458 impressorum)
639 1360 859 1456 coniectans,
894 1361 1095 1436 Jocundum
1119 1370 1260 1460 praeter
1291 1360 1388 1433 illum

100 1491 259 1568 codicem
298 1476 401 1566 etiam
434 1491 521 1565 alias
555 1490 638 1565 edd·
678 1494 891 1590 antiquiores
933 1493 1145 1568 contulisse:
1192 1517 1272 1566 nam
1305 1491 1388 1565 nihil

103 1623 198 1700 aliud
223 1624 340 1700 dicere
365 1623 492 1720 voluit,
528 1647 632 1721 quam
657 1649 723 1698 sua
749 1650 857 1723 opera
884 1625 1154 1701 emendatiorem
1179 1626 1387 1700 Frontinum

99 1758 137 1832 in'
159 1758 274 1832 lucem
298 1754 494 1854 prodiisse,
535 1756 628 1854 quod
653 1780 753 1832 suam
782 1756 966 1834 editionem
992 1783 1072 1832 cum
1097 1769 1199 1831 antea
1229 1757 1387 1855 vulgatis

99 1889 314 1986 comparanti
340 1887 558 1986 exploratum
582 1889 625 1962 iri
651 1889 809 1964 affirmat.
864 1890 924 1967 De
954 1890 1057 1964 huius
1083 1889 1244 1965 editionis
1270 1891 1387 1963 virtu-

99 2021 195 2097 tibus
218 2021 308 2095 inter
334 2043 457 2094 omnes
484 2030 633 2112 constat.
685 2023 736 2099 Ut
772 2022 890 2097 codex·
914 2022 1148 2100 cassinensis
1188 2046 1313 2095 omnes
1339 2023 1386 2095 li-

98 2154 187 2231 luos
209 2177 314 2230 manu
340 2153 493 2250 scriptos
518 2153 625 2250 longe
650 2164 813 2259 superat,
850 2157 897 2228 ita
924 2154 1028 2230 editio
1052 2153 1207 2230 Jrrcundi
1233 2156 1386 2228 omnium

98 2309 190 2386 quas
214 2287 377 2361 norimus
404 2284 590 2360 editionum
616 2285 730 2361 laoile·
743 2286 907 2386 princeps
933 2287 1091 2362 habenda
1117 2298 1183 2361 est.
1227 2285 1388 2363 Contulit

98 2444 178 2496 mm
218 2442 299 2495 cum
333 2417 483 2495 editione
514 2417 641 2494 Poleni
675 2417 904 2517 Schtdtzius,
944 2418 1177 2516 diversasque
1211 2418 1386 2493 lectiones

99 2576 224 2629 omnes
249 2552 284 2624 in
310 2550 414 2625 huius
440 2549 606 2625 editionis
630 2553 789 2651 margine
809 2553 1028 2651 perscripsit.
1052 2552 1098 2626 In.
1118 2551 1279 2626 manitus
1292 2575 1386 2626 eam

99 2685 221 2762 heltuit
246 2683 425 2781 Polenus,
460 2683 526 2758 sed
550 2696 700 2758 secutus
726 2709 795 2760 non
821 2695 894 2759 est:
929 2709 1009 2758 nam
1034 2683 1090 2757 tie
1115 2689 1172 2758 vir
1196 2682 1323 2757 doctus
1349 2685 1383 2754 si

97 2818 137 2893 id
158 2821 237 2891 suis
263 2816 544 2895 annotationibus
564 2814 755 2890 editionem
776 2816 931 2892 Jocundi
956 2810 1215 2910 commemorat,
1242 2837 1385 2913 semper

99 2947 155 3035 ed.
180 2948 261 3023 Joc.
288 2947 445 3023 secunda
477 2947 700 3045 intelligenda
736 2962 804 3024 est.
855 2946 949 3025 Cum
989 2951 1095 3024 enim
1116 2923 1309 3024 Frontinus
1348 2962 1385 3024 et

98 3082 287 3159 Vitruvius
313 3104 383 3154 uno
408 3081 583 3155 volumine
610 3082 879 3178 continerentur,
906 3094 1033 3180 postea
1056 3083 1246 3157 Frontinus
1273 3105 1386 3180 sepa·

99 3216 199 3290 ratim
232 3236 390 3287 excusus
423 3222 479 3286 est
520 3225 556 3289 et
587 3214 797 3312 inscriptus:
857 3215 1017 3290 Julius
1050 3214 1305 3290 Frontinus
1333 3213 1384 3289 de

98 3343 487 3444 Aquaeductibus
526 3372 547 3420 a
579 3345 790 3421 Jocundo
830 3372 971 3446 nuper
1003 3346 1190 3421 revisus
1216 3346 1384 3421 iterum

98 3488 426 3574 et,·quantum
476 3504 530 3554 ex
581 3480 832 3554 collatione
882 3480 1382 3576 licuit,-repurgatus.

98 3611 309 3685 Postremus
346 3621 462 3684 tamen
497 3611 692 3709 pagellaS,
732 3613 765 3684 in
803 3612 931 3709 quibus
969 3624 1106 3704 errata³>
1152 3632 1262 3683 anrms
1301 3609 1381 3682 edi-

100 3741 225 3837 tionis,
273 3742 376 3816 locus
427 3755 462 3818 et
511 3743 724 3843 typographi
773 3769 899 3819 nomen
949 3755 1093 3841 recepta
1139 3752 1258 3836 erant,
1311 3768 1382 3818 non

97 3875 340 3950 adiunxemmt.
400 3875 486 3950 Non
534 3877 641 3952 multo
672 3887 810 3952 ⁴audem
855 3885 937 3972 post
981 3875 1091 3950 editio.
1137 3873 1218 3949 Joc.
1256 3876 1381 3950 iterum

98 4031 229 4085 recusa
260 4020 337 4081 ¹est
389 4033 469 4081 cum
511 4009 697 4105 Vitruvio,
751 4009 807 4082 cui
852 4007 991 4082 editioni
1036 4007 1092 4081 hic
1136 4008 1275 4081 titulus:
1329 4000 1381 4085 Μ.

98 4140 311 4219 Vitruvii
345 4138 394 4213 de
426 4140 758 4216 Architectura
791 4139 898 4213 libri
934 4138 1086 4213 decem
1118 4164 1260 4236 nuper
1294 4167 1381 4216 ma-

97 4269 225 4348 ximax
253 4270 504 4369 diligentia
543 4273 768 4371 castigati
807 4283 941 4367 atque
978 4272 1160 4367 excusi,
1205 4272 1381 4348 additis

97 4406 214 4482 Julii
247 4404 462 4479 Frontini
500 4408 552 4483 de
584 4403 980 4505 Aquaeductibus
1019 4405 1155 4480 libris
1192 4417 1383 4505 propter

99 4539 325 4618 materiae¹
357 4537 646 4618 affinitatem.
711 4539 981 4615 Florentia-e
1020 4565 1082 4615 an.
1121 4539 1230 4617 1522.
1292 4543 1381 4617 Per
