2978 4988
96 338 146 413 92
533 340 940 423 FRON'l'INUS

122 576 173 649 97
273 575 413 668 Quanto
453 598 559 671 opere
597 589 711 653 eutem
751 602 856 651 curae
890 576 1008 674 fuerit,
1047 603 1092 652 ne
1126 581 1212 681 quis¹
1237 579 1369 654 violare

197 696 322 772 ductus
357 716 528 793 aquflmve
561 727 629 777 non
664 720 872 773 concessam
903 697 1063 770 derivare
1095 692 1255 786 auderet,
1292 719 1370 768 cum

197 838 245 888 ex
275 817 393 890 multis
425 845 594 919 apparere
628 831 761 917 potest,
801 830 872 888 tum
906 839 952 888 ex
984 812 1067 909 boc,
1107 812 1201 909 quod
1239 809 1370 888 Circus

96 997 330 1040 —4--—

195 1142 226 1193 et
250 1133 286 1222 Q.
300 1133 396 1198 Fabio
416 1136 644 1225 Quaesturr‘bue.
666 1135 827 1196 Pithoeus:
850 1135 883 1197 C.
899 1134 1032 1195 crunno
1055 1130 1166 1192 Cecuba
1186 1137 1218 1190 et
1236 1128 1289 1191 M.
1305 1128 1372 1189 Fa-

199 1231 246 1293 biu
269 1234 356 1307 Coss.
399 1236 494 1298 Fuere
517 1236 606 1298 Coss.
629 1255 654 1297 u.
678 1234 716 1295 U.
739 1238 799 1295 638
829 1231 864 1295 C.
886 1233 1018 1294 Licinius
1041 1231 1117 1294 Geta
1143 1235 1174 1292 et
1201 1229 1239 1314 Q.
1261 1227 1370 1288 Fabius

194 1329 429 1413 Allobrogicus3
452 1337 599 1416 iidemque
621 1336 688 1395 anni
710 1337 769 1394 oto
793 1331 955 1395 Censores.
983 1331 1069 1392 Unde
1089 1330 1215 1407 Pighius
1240 1327 1294 1409 (T.
1316 1325 1370 1386 ΙΙΙ.

195 1449 225 1508 p.
240 1427 332 1512 130),
355 1434 526 1514 Onupbrios
549 1439 581 1495 et
602 1434 748 1510 Sigonius
770 1435 904 1495 Frontini
924 1431 1018 1493 verbe
1039 1433 1085 1492 sic
1106 1429 1280 1508 retingende
1302 1444 1371 1487 esse

196 1529 341 1592 iudicant:
363 1534 397 1596 C.
418 1533 540 1596 Licinio
563 1535 641 1596 Geta
662 1544 692 1595 et
714 1534 750 1622 Q.
765 1532 863 1594 Fabio
880 1531 1070 1594 Censuribuc
1093 1529 1274 1591 assentiente
1296 1524 1371 1588 Scb.

195 1626 328 1689 Polenus
349 1636 453 1693 eontra
474 1637 606 1695 nostrum
628 1634 790 1711 scripsisse
813 1631 987 1696 contendit:
1011 1631 1045 1692 0.
1062 1630 1183 1692 Licinio
1206 1637 1237 1689 et
1256 1626 1293 1717 Q
1304 1628 1372 1689 Fa-

196 1725 245 1788 bio
269 1729 355 1790 Coae.
381 1731 429 1792 Tu
450 1751 523 1793 vero
546 1751 604 1793 non
625 1732 768 1808 negbges
790 1731 963 1809 scripturam
987 1730 1121 1791 codicum
1144 1725 1209 1790 GU
1232 1726 1284 1808 (in
1306 1726 1373 1805 pri-

195 1827 250 1888 mis
272 1824 321 1906 U]
355 1827 432 1889 baud
455 1829 581 1890 obscure
603 1833 715 1892 nostris
738 1828 836 1892 oculis
858 1829 984 1890 oblatam
1006 1847 1063 1890 una
1084 1847 1149 1890 cum
1172 1826 1240 1888 edd.
1262 1832 1377 1887 vetus--

123 1962 124 1965 =
196 1927 371 1988 tissimarum
398 1930 554 1989 manifesta
579 1928 710 1991 lectione
744 1929 894 2008 (Cecuba,
921 1927 1244 1998 annumerem).
1289 1926 1374 1986 eae-

194 2025 277 2086 eulta
302 2025 393 2087 Festo
420 2032 549 2090 testante
575 2047 648 2090 vere
673 2047 839 2106 cognomen
860 2028 1058 2090 Romanorum
1079 2027 1152 2104 tuit,
1181 2025 1315 2105 illudque
1337 2023 1372 2084 P.

196 2121 339 2186 Cornelio
369 2128 585 2189 attribuendum
613 2147 682 2190 esse
711 2129 780 2189 loco
806 2126 876 2188 Liv.
897 2126 998 2189 XXV.
1026 2130 1102 2202 5,4
1129 2124 1299 2203 suspicatus
1326 2125 1374 2184 est

195 2221 225 2282 J.
247 2223 294 2284 Fr.
317 2223 500 2291 Gronovius.
542 2228 588 2289 En
617 2229 764 2305 integrum
786 2225 892 2289 Licinii
920 2239 1044 2287 nomen:
1072 2226 1106 2288 C.
1127 2225 1269 2287 Licinius
1291 2223 1373 2283 Cne-

195 2322 277 2384 cuttu
299 2323 387 2386 Geta.

130 2437 161 2488 97
239 2421 358 2508 Quanto
381 2430 448 2507 op.)
470 2422 500 2487 V
522 2431 552 2488 et
574 2428 648 2488 odd:
672 2428 875 2515 Quantopere.

238 2541 385 2606 aquaraee
403 2528 485 2594 non)
517 2525 562 2586 lta
585 2527 621 2590 C.
660 2527 744 2590 ¹Abii:
773 2546 882 2608 aquam
901 2545 939 2586 ne
958 2543 1027 2585 nun.
1058 2522 1089 2584 V
1109 2521 1148 2583 F:
1171 2539 1316 2604 aquarum
1336 2538 1374 2580 ne

195 2639 265 2685 non.
286 2622 422 2684 Blondus
445 2625 566 2685 Flavius
588 2624 662 2686 inst.
684 2625 770 2689 Rom.
788 2624 827 2685 n.
849 2643 880 2703 p.
896 2627 965 2686 251.
991 2623 1039 2685 A:
1063 2639 1208 2705 aquarum
1227 2636 1371 2681 necnon.

236 2729 267 2782 et
288 2741 328 2782 ee
347 2724 420 2794 boc)
444 2735 475 2784 et
492 2726 609 2784 restitui
633 2743 672 2784 ex
696 2723 737 2800 C,
761 2743 824 2785 com
847 2743 865 2783 u
886 2726 996 2785 ceteris
1017 2721 1103 2782 libris
1124 2720 1212 2781 absit.

237 2819 280 2880 ad
301 2821 482 2894 Curatores)
504 2823 639 2884 Biondus
662 2823 683 2882 l.
702 2838 745 2885 o.:
767 2823 810 2883 ad
830 2824 1044 2903 imperatores.

237 2917 382 2998 Mancini
403 2925 492 2982 etiam
514 2929 587 2994 etc.)
618 2923 845 3001 Mancr‘pr'orum
871 2927 973 2996 etiam,
1002 2926 1030 2982 si
1056 2941 1120 2981 cum
1146 2939 1199 3001 eo,
1228 2927 1279 3005 qui
1300 2923 1373 2985 adu.

198 3015 291 3095 leuem
314 3015 504 3100 (iaciebat)
526 3020 689 3099 fecissent,
711 3021 804 3081 multa
827 3020 994 3083 dicebatur.
1020 3019 1168 3081 Profiteor
1190 3025 1304 3099 tumen,
1328 3040 1393 3096 me

198 3118 430 3178 emendationem
464 3133 523 3179 n'on
552 3139 606 3198 pro
636 3119 802 3179 certissima
831 3120 996 3182 venditare.
1038 3118 1128 3181 Por..
1171 3120 1374 3201 Mancipibos

198 3220 304 3292 etiam,
334 3221 363 3293 si
391 3238 456 3279 curn
486 3238 539 3295 ea,
570 3223 619 3300 qui
647 3218 718 3279 odo.
750 3219 859 3298 leuem,
891 3220 1056 3299 fecissent,
1083 3218 1176 3279 multa
1204 3219 1374 3285 dicebatur.

201 3315 261 3401 Qui
288 3316 358 3379 adr.
388 3318 494 3395 leuem,
522 3317 588 3377 soil.
612 3319 733 3378 fecerat.
764 3321 803 3378 ct‘.
831 3319 867 3378 ud
890 3317 959 3378 Art.
982 3320 1031 3380 et.
1059 3316 1196 3381 HEINR.
1224 3318 1376 3397 Mancipie

199 3416 286 3474 otiam
316 3422 376 3486 (sc.
400 3416 660 3493 polrlieabantur],
690 3418 715 3476 si
745 3434 808 3477 cum
839 3435 892 3494 eo,
923 3418 1003 3497 quod
1031 3416 1100 3478 aar.
1128 3415 1192 3492 leg.
1213 3418 1374 3494 iecissent,

198 3514 288 3575 multu
310 3515 471 3575 dicebatur.
497 3514 651 3591 „omniun
672 3535 759 3577 werm
782 3514 924 3592 deshalb‚
948 3516 1018 3576 dass
1042 3517 1088 3577 sie
1109 3534 1212 3592 gegen
1236 3514 1289 3575 das
1311 3515 1375 3578 Ge-

197 3619 262 3676 setu
292 3613 474 3691 gebardelt,
503 3615 601 3674 Busse
631 3615 754 3676 erkannt
782 3614 920 3676 werde.“
952 3613 1044 3677 SGH.
1087 3615 1127 3675 nt
1155 3612 1223 3675 Pol.
1248 3617 1279 3674 ct
1301 3613 1375 3683 Scir.

198 3714 275 3773 ratio
304 3712 463 3773 damnanda
489 3715 554 3790 est,
586 3734 672 3794 quum
696 3714 733 3774 ob
756 3708 939 3791 orationem,
968 3716 1027 3774 tum
1048 3715 1127 3795 qood
1148 3731 1244 3793 neque
1267 3731 1376 3773 seruos

198 3812 386 3889 publicatos,
425 3830 521 3894 neque
557 3813 595 3874 iis
630 3812 747 3874 multam
780 3815 886 3874 dictam
916 3830 986 3873 esse
1014 3831 1134 3893 osquam
1161 3815 1288 3873 constet.
1334 3808 1376 3875 G:

197 3909 342 3992 Mnnor'pr'
372 3915 461 3973 etiam
487 3916 516 3974 ei
544 3932 609 3974 cum
638 3933 672 3974 eo
699 3933 782 3996 queem
807 3912 881 3972 ado.
909 3912 1004 3990 leuem
1027 3911 1146 3990 secisse
1172 3911 1266 3972 multa
1287 3910 1376 3972 dice-

199 4009 316 4071 bantur.
361 4009 404 4073 U:
432 4012 589 4092 Mancipii
614 4017 704 4074 etiam
732 4016 761 4073 si
790 4031 854 4072 cum
882 4028 918 4070 eu
945 4029 1028 4093 ouem
1055 4010 1129 4074 adu.
1155 4008 1213 4090 leq.
1239 4010 1378 4073 muedoca

199 4112 276 4183 (sic)
301 4109 468 4174 dicebatur.
509 4110 556 4174 V:
584 4113 751 4195 Manoipia
773 4116 863 4173 etiam
884 4114 965 4171 sicut
985 4128 1021 4171 eo
1044 4129 1128 4191 quem
1147 4108 1222 4170 adu.
1245 4108 1305 4188 leq.
1328 4113 1377 4170 iu-

198 4215 302 4270 uenire
322 4209 391 4269 ioco
412 4211 512 4289 scrisse
533 4212 720 4275 dicebantur.
763 4211 785 4270 F
807 4213 838 4270 et
859 4209 908 4269 ed.
925 4225 977 4287 pr:
998 4208 1164 4289 Mancipia
1186 4212 1276 4269 etiam
1299 4213 1381 4270 sieut

199 4330 252 4382 ea,
274 4327 351 4390 quae
370 4312 442 4373 adu
465 4312 524 4393 leq.
548 4318 612 4375 iure
633 4315 703 4375 loco
722 4310 839 4390 secisse
860 4308 1049 4370 dicebantur.
1092 4308 1110 4368 J
1131 4311 1162 4369 et
1183 4323 1249 4370 rec:
1277 4308 1378 4369 Man-

199 4415 283 4490 cipia
303 4415 391 4472 etiam
412 4417 491 4475 sieut
511 4434 564 4492 ea,
594 4433 671 4496 quae
692 4411 764 4473 adar.
786 4408 844 4487 leq.
867 4410 980 4470 mulcta
1003 4408 1071 4469 loco
1091 4407 1208 4491 secisse
1229 4406 1379 4468 arceban-

199 4524 256 4577 tur.
293 4512 328 4572 ln
348 4511 396 4574 his
419 4515 550 4589 genuina
572 4517 656 4575 sunt:
677 4511 822 4592 Mancipi
842 4508 1087 4573 etiam—multa
1108 4505 1277 4573 dicebatur.
1314 4508 1378 4568 Dr·-
