<?xml version="1.0" encoding="UTF-8"?>
<!DOCTYPE html PUBLIC "-//W3C//DTD XHTML 1.0 Transitional//EN"
    "http://www.w3.org/TR/xhtml1/DTD/xhtml1-transitional.dtd">
<html xmlns="http://www.w3.org/1999/xhtml" xml:lang="en" lang="en">
 <head>
  <title>
</title>
<meta http-equiv="Content-Type" content="text/html;charset=utf-8" />
  <meta name='ocr-system' content='tesseract 3.04.00' />
  <meta name='ocr-capabilities' content='ocr_page ocr_carea ocr_par ocr_line ocrx_word'/>
</head>
<body>
  <div class='ocr_page' id='page_1' title='image "./sexjuliifrontin01dedegoog_0174.png"; bbox 0 0 2978 4988; ppageno 0'>
   <div class='ocr_carea' id='block_1_1' title="bbox 434 310 1463 436">
    <p class='ocr_par' dir='ltr' id='par_1_1' title="bbox 434 310 1463 436">
     <span class='ocr_line' id='line_1_1' title="bbox 434 310 1463 436; baseline 0.009 -15"><span class='ocrx_word' id='word_1_1' title='bbox 434 342 506 421; x_wconf 83' lang='lat' dir='ltr'><strong>nn</strong></span> <span class='ocrx_word' id='word_1_2' title='bbox 539 340 729 436; x_wconf 51' lang='lat' dir='ltr'><strong>²noenu</strong></span> <span class='ocrx_word' id='word_1_3' title='bbox 762 341 1042 422; x_wconf 81' lang='lat' dir='ltr'><strong>nucnrncs.</strong></span> <span class='ocrx_word' id='word_1_4' title='bbox 1305 352 1375 430; x_wconf 82' lang='lat'><strong>131</strong></span> <span class='ocrx_word' id='word_1_5' title='bbox 1458 310 1463 317; x_wconf 76' lang='grc'><strong>’</strong></span> 
     </span>
    </p>
   </div>
   <div class='ocr_carea' id='block_1_2' title="bbox 102 576 1279 907">
    <p class='ocr_par' dir='ltr' id='par_1_2' title="bbox 102 576 1279 907">
     <span class='ocr_line' id='line_1_2' title="bbox 104 576 1278 675; baseline 0 -21"><span class='ocrx_word' id='word_1_6' title='bbox 104 581 244 674; x_wconf 83' lang='lat' dir='ltr'><strong>rivos,</strong></span> <span class='ocrx_word' id='word_1_7' title='bbox 278 601 456 675; x_wconf 79' lang='lat' dir='ltr'><strong>specus,</strong></span> <span class='ocrx_word' id='word_1_8' title='bbox 491 577 703 671; x_wconf 75' lang='lat' dir='ltr'><strong>iornioeS,</strong></span> <span class='ocrx_word' id='word_1_9' title='bbox 738 576 941 673; x_wconf 77' lang='lat' dir='ltr'><strong>fistulae,</strong></span> <span class='ocrx_word' id='word_1_10' title='bbox 973 577 1168 673; x_wconf 73' lang='lat' dir='ltr'><strong>tubuictS,</strong></span> <span class='ocrx_word' id='word_1_11' title='bbox 1204 604 1278 654; x_wconf 89' lang='lat' dir='ltr'><strong>ca-</strong></span> 
     </span>
     <span class='ocr_line' id='line_1_3' title="bbox 103 678 1279 790; baseline -0.007 -17"><span class='ocrx_word' id='word_1_12' title='bbox 103 697 253 787; x_wconf 81' lang='lat' dir='ltr'><strong>stelle,</strong></span> <span class='ocrx_word' id='word_1_13' title='bbox 285 693 408 766; x_wconf 81' lang='lat' dir='ltr'><strong>lacus</strong></span> <span class='ocrx_word' id='word_1_14' title='bbox 434 714 637 789; x_wconf 81' lang='lat' dir='ltr'><strong>aquarum</strong></span> <span class='ocrx_word' id='word_1_15' title='bbox 662 678 950 790; x_wconf 75' lang='lat' dir='ltr'><strong>publicarum,</strong></span> <span class='ocrx_word' id='word_1_16' title='bbox 984 716 1091 790; x_wconf 85' lang='lat' dir='ltr'><strong>quae</strong></span> <span class='ocrx_word' id='word_1_17' title='bbox 1116 693 1167 766; x_wconf 83' lang='lat' dir='ltr'><strong>ad</strong></span> <span class='ocrx_word' id='word_1_18' title='bbox 1193 696 1279 772; x_wconf 84' lang='lat' dir='ltr'><strong>Ur-</strong></span> 
     </span>
     <span class='ocr_line' id='line_1_4' title="bbox 102 804 1279 907; baseline -0.015 -17"><span class='ocrx_word' id='word_1_19' title='bbox 102 816 196 890; x_wconf 85' lang='lat' dir='ltr'><strong>bem</strong></span> <span class='ocrx_word' id='word_1_20' title='bbox 227 811 456 901; x_wconf 79' lang='lat' dir='ltr'><strong>ducuntur,</strong></span> <span class='ocrx_word' id='word_1_21' title='bbox 491 814 642 884; x_wconf 86' lang='lat' dir='ltr'><strong>sciens</strong></span> <span class='ocrx_word' id='word_1_22' title='bbox 674 804 772 882; x_wconf 86' lang='lat' dir='ltr'><strong>doio</strong></span> <span class='ocrx_word' id='word_1_23' title='bbox 804 810 914 881; x_wconf 84' lang='lat' dir='ltr'><strong>malo</strong></span> <span class='ocrx_word' id='word_1_24' title='bbox 941 809 1171 907; x_wconf 79' lang='lat' dir='ltr'><strong>sonaverit,</strong></span> <span class='ocrx_word' id='word_1_25' title='bbox 1205 839 1279 887; x_wconf 85' lang='lat' dir='ltr'><strong>ru.</strong></span> 
     </span>
    </p>
   </div>
   <div class='ocr_carea' id='block_1_3' title="bbox 76 1121 1332 4573">
    <p class='ocr_par' dir='ltr' id='par_1_3' title="bbox 104 1121 1280 1386">
     <span class='ocr_line' id='line_1_5' title="bbox 145 1121 1278 1210; baseline 0.006 -25"><span class='ocrx_word' id='word_1_26' title='bbox 145 1128 196 1206; x_wconf 86' lang='lat' dir='ltr'><strong>qui</strong></span> <span class='ocrx_word' id='word_1_27' title='bbox 216 1121 312 1203; x_wconf 79' lang='lat' dir='ltr'><strong>clem]</strong></span> <span class='ocrx_word' id='word_1_28' title='bbox 336 1122 416 1185; x_wconf 81' lang='lat' dir='ltr'><strong>Scir:</strong></span> <span class='ocrx_word' id='word_1_29' title='bbox 441 1129 490 1206; x_wconf 85' lang='lat' dir='ltr'><strong>qui</strong></span> <span class='ocrx_word' id='word_1_30' title='bbox 512 1125 630 1185; x_wconf 78' lang='lat' dir='ltr'><strong>domno.</strong></span> <span class='ocrx_word' id='word_1_31' title='bbox 654 1124 775 1202; x_wconf 81' lang='lat' dir='ltr'><strong>noctus,</strong></span> <span class='ocrx_word' id='word_1_32' title='bbox 800 1123 921 1204; x_wconf 81' lang='lat' dir='ltr'>opinor,</span> <span class='ocrx_word' id='word_1_33' title='bbox 944 1124 1087 1204; x_wconf 81' lang='lat' dir='ltr'><strong>vestigiis</strong></span> <span class='ocrx_word' id='word_1_34' title='bbox 1109 1126 1152 1205; x_wconf 82' lang='lat' dir='ltr'><strong>G,</strong></span> <span class='ocrx_word' id='word_1_35' title='bbox 1173 1129 1278 1210; x_wconf 92' lang='lat' dir='ltr'><strong>inquo</strong></span> 
     </span>
     <span class='ocr_line' id='line_1_6' title="bbox 105 1222 1280 1306; baseline 0.005 -21"><span class='ocrx_word' id='word_1_36' title='bbox 105 1225 223 1287; x_wconf 77' lang='lat' dir='ltr'><strong>videtur</strong></span> <span class='ocrx_word' id='word_1_37' title='bbox 244 1224 377 1305; x_wconf 79' lang='lat' dir='ltr'><strong>quidum.</strong></span> <span class='ocrx_word' id='word_1_38' title='bbox 412 1222 473 1284; x_wconf 81' lang='lat' dir='ltr'><strong>seo</strong></span> <span class='ocrx_word' id='word_1_39' title='bbox 495 1225 526 1284; x_wconf 88' lang='lat' dir='ltr'><strong>in</strong></span> <span class='ocrx_word' id='word_1_40' title='bbox 542 1228 678 1302; x_wconf 78' lang='lat' dir='ltr'><strong>prcnqttu</strong></span> <span class='ocrx_word' id='word_1_41' title='bbox 695 1228 765 1286; x_wconf 88' lang='lat' dir='ltr'><strong>sunt</strong></span> <span class='ocrx_word' id='word_1_42' title='bbox 780 1223 828 1285; x_wconf 84' lang='lat' dir='ltr'><strong>alii</strong></span> <span class='ocrx_word' id='word_1_43' title='bbox 846 1223 922 1304; x_wconf 83' lang='lat' dir='ltr'><strong>loci,</strong></span> <span class='ocrx_word' id='word_1_44' title='bbox 944 1224 1052 1306; x_wconf 88' lang='lat' dir='ltr'><strong>quibus</strong></span> <span class='ocrx_word' id='word_1_45' title='bbox 1068 1223 1148 1288; x_wconf 83' lang='lat' dir='ltr'><strong>clam</strong></span> <span class='ocrx_word' id='word_1_46' title='bbox 1163 1231 1194 1291; x_wconf 84' lang='lat' dir='ltr'><strong>ct</strong></span> <span class='ocrx_word' id='word_1_47' title='bbox 1210 1229 1280 1291; x_wconf 84' lang='lat' dir='ltr'><strong>dam</strong></span> 
     </span>
     <span class='ocr_line' id='line_1_7' title="bbox 104 1327 224 1386; baseline 0 0"><span class='ocrx_word' id='word_1_48' title='bbox 104 1327 224 1386; x_wconf 70' lang='lat' dir='ltr'><strong>mooun</strong></span> 
     </span>
    </p>

    <p class='ocr_par' dir='ltr' id='par_1_4' title="bbox 104 1420 1280 1705">
     <span class='ocr_line' id='line_1_8' title="bbox 145 1420 1278 1506; baseline 0.001 -18"><span class='ocrx_word' id='word_1_49' title='bbox 145 1420 328 1504; x_wconf 80' lang='lat' dir='ltr'><strong>aedificare]</strong></span> <span class='ocrx_word' id='word_1_50' title='bbox 351 1422 457 1499; x_wconf 79' lang='lat' dir='ltr'><strong>Lego:</strong></span> <span class='ocrx_word' id='word_1_51' title='bbox 475 1421 685 1502; x_wconf 78' lang='lat' dir='ltr'><strong>reaedificare,</strong></span> <span class='ocrx_word' id='word_1_52' title='bbox 702 1441 859 1503; x_wconf 80' lang='lat' dir='ltr'><strong>reponere.</strong></span> <span class='ocrx_word' id='word_1_53' title='bbox 881 1422 972 1487; x_wconf 82' lang='lat' dir='ltr'><strong>SCH.</strong></span> <span class='ocrx_word' id='word_1_54' title='bbox 993 1421 1100 1501; x_wconf 79' lang='lat' dir='ltr'><strong>Lego:</strong></span> <span class='ocrx_word' id='word_1_55' title='bbox 1121 1442 1278 1506; x_wconf 78' lang='lat' dir='ltr'><em>reponere,</em></span> 
     </span>
     <span class='ocr_line' id='line_1_9' title="bbox 105 1520 1280 1604; baseline 0 -16"><span class='ocrx_word' id='word_1_56' title='bbox 105 1524 251 1604; x_wconf 82' lang='lat' dir='ltr'><strong>dclcoquc</strong></span> <span class='ocrx_word' id='word_1_57' title='bbox 273 1521 446 1602; x_wconf 77' lang='lat' dir='ltr'><strong>aedificare.</strong></span> <span class='ocrx_word' id='word_1_58' title='bbox 468 1522 597 1585; x_wconf 64' lang='lat' dir='ltr'><strong>ninius.</strong></span> <span class='ocrx_word' id='word_1_59' title='bbox 618 1520 756 1583; x_wconf 77' lang='lat' dir='ltr'><strong>HEINR.</strong></span> <span class='ocrx_word' id='word_1_60' title='bbox 778 1521 845 1582; x_wconf 87' lang='lat' dir='ltr'><strong>Non</strong></span> <span class='ocrx_word' id='word_1_61' title='bbox 867 1525 1009 1600; x_wconf 83' lang='lat' dir='ltr'><strong>opusest</strong></span> <span class='ocrx_word' id='word_1_62' title='bbox 1026 1526 1211 1586; x_wconf 78' lang='lat' dir='ltr'><strong>correctione</strong></span> <span class='ocrx_word' id='word_1_63' title='bbox 1226 1548 1280 1589; x_wconf 88' lang='lat' dir='ltr'><strong>re-</strong></span> 
     </span>
     <span class='ocr_line' id='line_1_10' title="bbox 104 1618 1202 1705; baseline 0 -19"><span class='ocrx_word' id='word_1_64' title='bbox 104 1623 284 1705; x_wconf 74' lang='lat' dir='ltr'><strong>aedificare,</strong></span> <span class='ocrx_word' id='word_1_65' title='bbox 305 1638 400 1702; x_wconf 86' lang='lat' dir='ltr'><strong>neque</strong></span> <span class='ocrx_word' id='word_1_66' title='bbox 422 1618 490 1694; x_wconf 85' lang='lat' dir='ltr'><strong>hio,</strong></span> <span class='ocrx_word' id='word_1_67' title='bbox 512 1637 607 1700; x_wconf 87' lang='lat' dir='ltr'><strong>neque</strong></span> <span class='ocrx_word' id='word_1_68' title='bbox 629 1619 696 1679; x_wconf 87' lang='lat' dir='ltr'><strong>ioco</strong></span> <span class='ocrx_word' id='word_1_69' title='bbox 719 1620 786 1681; x_wconf 82' lang='lat' dir='ltr'><strong>Liv.</strong></span> <span class='ocrx_word' id='word_1_70' title='bbox 803 1618 843 1683; x_wconf 75' lang='lat' dir='ltr'><strong>V.</strong></span> <span class='ocrx_word' id='word_1_71' title='bbox 860 1625 910 1683; x_wconf 78' lang='lat'><strong>53.</strong></span> <span class='ocrx_word' id='word_1_72' title='bbox 932 1620 983 1682; x_wconf 91' lang='lat' dir='ltr'><strong>ubi</strong></span> <span class='ocrx_word' id='word_1_73' title='bbox 1004 1641 1035 1681; x_wconf 82' lang='lat' dir='ltr'><strong>v.</strong></span> <span class='ocrx_word' id='word_1_74' title='bbox 1051 1621 1202 1686; x_wconf 81' lang='lat' dir='ltr'><strong>Drekcnh.</strong></span> 
     </span>
    </p>

    <p class='ocr_par' dir='ltr' id='par_1_5' title="bbox 105 1718 1280 1885">
     <span class='ocr_line' id='line_1_11' title="bbox 146 1718 1280 1799; baseline 0.004 -17"><span class='ocrx_word' id='word_1_75' title='bbox 146 1723 261 1793; x_wconf 81' lang='lat' dir='ltr'><strong>cetere)</strong></span> <span class='ocrx_word' id='word_1_76' title='bbox 284 1739 342 1781; x_wconf 73' lang='lat' dir='ltr'><strong>oni.</strong></span> <span class='ocrx_word' id='word_1_77' title='bbox 357 1719 387 1780; x_wconf 94' lang='lat' dir='ltr'>V</span> <span class='ocrx_word' id='word_1_78' title='bbox 409 1721 440 1779; x_wconf 89' lang='lat' dir='ltr'><strong>et</strong></span> <span class='ocrx_word' id='word_1_79' title='bbox 461 1719 510 1778; x_wconf 89' lang='lat' dir='ltr'><strong>ed.</strong></span> <span class='ocrx_word' id='word_1_80' title='bbox 532 1736 576 1797; x_wconf 83' lang='lat' dir='ltr'><strong>pr.</strong></span> <span class='ocrx_word' id='word_1_81' title='bbox 599 1718 668 1778; x_wconf 87' lang='lat' dir='ltr'><strong>item</strong></span> <span class='ocrx_word' id='word_1_82' title='bbox 690 1718 825 1781; x_wconf 78' lang='lat' dir='ltr'><strong>Brisson.</strong></span> <span class='ocrx_word' id='word_1_83' title='bbox 863 1718 899 1782; x_wconf 94' lang='lat' dir='ltr'><strong>ln</strong></span> <span class='ocrx_word' id='word_1_84' title='bbox 921 1719 989 1781; x_wconf 84' lang='lat' dir='ltr'><strong>cdd.</strong></span> <span class='ocrx_word' id='word_1_85' title='bbox 1011 1738 1072 1782; x_wconf 86' lang='lat' dir='ltr'><strong>rec.</strong></span> <span class='ocrx_word' id='word_1_86' title='bbox 1093 1721 1206 1799; x_wconf 81' lang='lat' dir='ltr'><strong>legitur</strong></span> <span class='ocrx_word' id='word_1_87' title='bbox 1227 1744 1280 1786; x_wconf 86' lang='lat' dir='ltr'><strong>cc-</strong></span> 
     </span>
     <span class='ocr_line' id='line_1_12' title="bbox 105 1812 739 1885; baseline -0.013 0"><span class='ocrx_word' id='word_1_88' title='bbox 105 1824 180 1885; x_wconf 73' lang='lat' dir='ltr'><strong>tore.</strong></span> <span class='ocrx_word' id='word_1_89' title='bbox 224 1818 339 1881; x_wconf 82' lang='lat' dir='ltr'><strong>Laudat</strong></span> <span class='ocrx_word' id='word_1_90' title='bbox 359 1815 519 1878; x_wconf 79' lang='lat' dir='ltr'><strong>Forceilin.</strong></span> <span class='ocrx_word' id='word_1_91' title='bbox 541 1817 624 1877; x_wconf 83' lang='lat' dir='ltr'><strong>inv.</strong></span> <span class='ocrx_word' id='word_1_92' title='bbox 738 1812 739 1815; x_wconf 64' lang='grc'>’</span> 
     </span>
    </p>

    <p class='ocr_par' dir='ltr' id='par_1_6' title="bbox 104 1917 1332 2392">
     <span class='ocr_line' id='line_1_13' title="bbox 145 1917 1281 2000; baseline 0.001 -18"><span class='ocrx_word' id='word_1_93' title='bbox 145 1921 305 1990; x_wconf 76' lang='lat' dir='ltr'><strong>demolire]</strong></span> <span class='ocrx_word' id='word_1_94' title='bbox 340 1920 402 1978; x_wconf 87' lang='lat' dir='ltr'><strong>tros</strong></span> <span class='ocrx_word' id='word_1_95' title='bbox 428 1917 532 1991; x_wconf 69' lang='lat' dir='ltr'><strong>codri,</strong></span> <span class='ocrx_word' id='word_1_96' title='bbox 563 1917 655 1975; x_wconf 84' lang='lat' dir='ltr'><strong>tonna</strong></span> <span class='ocrx_word' id='word_1_97' title='bbox 681 1918 797 1992; x_wconf 76' lang='lat' dir='ltr'><strong>activa,</strong></span> <span class='ocrx_word' id='word_1_98' title='bbox 829 1918 866 1979; x_wconf 87' lang='lat' dir='ltr'><strong>de</strong></span> <span class='ocrx_word' id='word_1_99' title='bbox 893 1937 949 2000; x_wconf 81' lang='lat' dir='ltr'><strong>qua</strong></span> <span class='ocrx_word' id='word_1_100' title='bbox 975 1919 1014 1980; x_wconf 87' lang='lat' dir='ltr'><strong>ci.</strong></span> <span class='ocrx_word' id='word_1_101' title='bbox 1042 1920 1137 1998; x_wconf 82' lang='lat' dir='ltr'><strong>inire,</strong></span> <span class='ocrx_word' id='word_1_102' title='bbox 1166 1921 1216 1981; x_wconf 90' lang='lat' dir='ltr'><strong>ubi</strong></span> <span class='ocrx_word' id='word_1_103' title='bbox 1244 1922 1281 1984; x_wconf 85' lang='lat' dir='ltr'><strong>de</strong></span> 
     </span>
     <span class='ocr_line' id='line_1_14' title="bbox 104 2000 1332 2110; baseline 0.001 -27"><span class='ocrx_word' id='word_1_104' title='bbox 104 2022 213 2110; x_wconf 67' lang='lat' dir='ltr'><strong>molire</strong></span> <span class='ocrx_word' id='word_1_105' title='bbox 235 2017 360 2091; x_wconf 74' lang='lat' dir='ltr'><strong>eginone.</strong></span> <span class='ocrx_word' id='word_1_106' title='bbox 402 2015 519 2076; x_wconf 81' lang='lat' dir='ltr'><strong>Fulciro</strong></span> <span class='ocrx_word' id='word_1_107' title='bbox 545 2015 622 2076; x_wconf 79' lang='lat' dir='ltr'><strong>hanc</strong></span> <span class='ocrx_word' id='word_1_108' title='bbox 645 2018 765 2075; x_wconf 85' lang='lat' dir='ltr'><strong>tormonr</strong></span> <span class='ocrx_word' id='word_1_109' title='bbox 786 2015 889 2077; x_wconf 82' lang='lat' dir='ltr'><strong>verbis</strong></span> <span class='ocrx_word' id='word_1_110' title='bbox 910 2017 990 2095; x_wconf 82' lang='lat' dir='ltr'><strong>legis</strong></span> <span class='ocrx_word' id='word_1_111' title='bbox 1010 2023 1224 2082; x_wconf 70' lang='lat' dir='ltr'><strong>maceriae-</strong></span> <span class='ocrx_word' id='word_1_112' title='bbox 1244 2042 1283 2085; x_wconf 84' lang='lat' dir='ltr'><strong>ne</strong></span> <span class='ocrx_word' id='word_1_113' title='bbox 1330 2000 1332 2005; x_wconf 23' lang='grc' dir='ltr'>Ι</span> 
     </span>
     <span class='ocr_line' id='line_1_15' title="bbox 105 2114 1282 2203; baseline -0.001 -21"><span class='ocrx_word' id='word_1_114' title='bbox 105 2119 317 2182; x_wconf 76' lang='lat' dir='ltr'><strong>demolirentur</strong></span> <span class='ocrx_word' id='word_1_115' title='bbox 338 2114 461 2176; x_wconf 78' lang='lat' dir='ltr'><strong>ntiirnret</strong></span> <span class='ocrx_word' id='word_1_116' title='bbox 481 2114 565 2189; x_wconf 79' lang='lat' dir='ltr'><strong>non,</strong></span> <span class='ocrx_word' id='word_1_117' title='bbox 590 2133 683 2196; x_wconf 84' lang='lat' dir='ltr'><strong>eaque</strong></span> <span class='ocrx_word' id='word_1_118' title='bbox 706 2115 827 2193; x_wconf 83' lang='lat' dir='ltr'>passive</span> <span class='ocrx_word' id='word_1_119' title='bbox 849 2117 1030 2194; x_wconf 85' lang='lat' dir='ltr'><strong>pronuntiari</strong></span> <span class='ocrx_word' id='word_1_120' title='bbox 1051 2120 1153 2199; x_wconf 76' lang='lat' dir='ltr'><strong>putat3</strong></span> <span class='ocrx_word' id='word_1_121' title='bbox 1175 2119 1211 2181; x_wconf 88' lang='lat' dir='ltr'><strong>de</strong></span> <span class='ocrx_word' id='word_1_122' title='bbox 1224 2139 1282 2203; x_wconf 82' lang='lat' dir='ltr'><strong>qne</strong></span> 
     </span>
     <span class='ocr_line' id='line_1_16' title="bbox 105 2211 1281 2298; baseline -0.002 -17"><span class='ocrx_word' id='word_1_123' title='bbox 105 2219 246 2298; x_wconf 84' lang='lat' dir='ltr'><strong>opinione</strong></span> <span class='ocrx_word' id='word_1_124' title='bbox 268 2216 338 2295; x_wconf 83' lang='lat' dir='ltr'><strong>quid</strong></span> <span class='ocrx_word' id='word_1_125' title='bbox 359 2215 399 2276; x_wconf 84' lang='lat' dir='ltr'><strong>sit</strong></span> <span class='ocrx_word' id='word_1_126' title='bbox 420 2214 621 2288; x_wconf 66' lang='lat' dir='ltr'><strong>statuentium,</strong></span> <span class='ocrx_word' id='word_1_127' title='bbox 644 2232 698 2272; x_wconf 88' lang='lat' dir='ltr'><strong>suo</strong></span> <span class='ocrx_word' id='word_1_128' title='bbox 720 2211 789 2273; x_wconf 90' lang='lat' dir='ltr'><strong>loco</strong></span> <span class='ocrx_word' id='word_1_129' title='bbox 811 2211 989 2275; x_wconf 86' lang='lat' dir='ltr'><strong>videbimus.</strong></span> <span class='ocrx_word' id='word_1_130' title='bbox 1022 2214 1135 2280; x_wconf 64' lang='lat' dir='ltr'><strong>Mudet</strong></span> <span class='ocrx_word' id='word_1_131' title='bbox 1155 2219 1281 2281; x_wconf 86' lang='lat' dir='ltr'><strong>Forcel-</strong></span> 
     </span>
     <span class='ocr_line' id='line_1_17' title="bbox 105 2311 961 2392; baseline -0.009 -12"><span class='ocrx_word' id='word_1_132' title='bbox 105 2317 155 2382; x_wconf 84' lang='lat' dir='ltr'><strong>lin.</strong></span> <span class='ocrx_word' id='word_1_133' title='bbox 177 2317 206 2377; x_wconf 92' lang='lat' dir='ltr'><strong>in</strong></span> <span class='ocrx_word' id='word_1_134' title='bbox 227 2335 258 2377; x_wconf 86' lang='lat' dir='ltr'><strong>v.</strong></span> <span class='ocrx_word' id='word_1_135' title='bbox 301 2313 386 2375; x_wconf 77' lang='lat' dir='ltr'><strong>End:</strong></span> <span class='ocrx_word' id='word_1_136' title='bbox 409 2312 557 2375; x_wconf 82' lang='lat' dir='ltr'><strong>demoliri.</strong></span> <span class='ocrx_word' id='word_1_137' title='bbox 580 2327 652 2392; x_wconf 82' lang='lat' dir='ltr'><strong>qnos</strong></span> <span class='ocrx_word' id='word_1_138' title='bbox 674 2314 795 2372; x_wconf 79' lang='lat' dir='ltr'><strong>secutus</strong></span> <span class='ocrx_word' id='word_1_139' title='bbox 817 2315 865 2372; x_wconf 88' lang='lat' dir='ltr'><strong>est</strong></span> <span class='ocrx_word' id='word_1_140' title='bbox 887 2311 961 2373; x_wconf 80' lang='lat' dir='ltr'><strong>Scit.</strong></span> 
     </span>
    </p>

    <p class='ocr_par' dir='ltr' id='par_1_7' title="bbox 145 2411 1041 2499">
     <span class='ocr_line' id='line_1_18' title="bbox 145 2411 1041 2499; baseline -0.004 -23"><span class='ocrx_word' id='word_1_141' title='bbox 145 2425 235 2499; x_wconf 82' lang='lat' dir='ltr'><strong>utque</strong></span> <span class='ocrx_word' id='word_1_142' title='bbox 255 2419 354 2475; x_wconf 86' lang='lat' dir='ltr'><strong>omnio</strong></span> <span class='ocrx_word' id='word_1_143' title='bbox 376 2417 450 2484; x_wconf 83' lang='lat' dir='ltr'><strong>etc.)</strong></span> <span class='ocrx_word' id='word_1_144' title='bbox 480 2411 508 2471; x_wconf 92' lang='lat' dir='ltr'>V</span> <span class='ocrx_word' id='word_1_145' title='bbox 530 2416 562 2470; x_wconf 89' lang='lat' dir='ltr'><strong>ct</strong></span> <span class='ocrx_word' id='word_1_146' title='bbox 582 2411 657 2471; x_wconf 82' lang='lat' dir='ltr'><strong>edd:</strong></span> <span class='ocrx_word' id='word_1_147' title='bbox 683 2419 774 2490; x_wconf 79' lang='lat' dir='ltr'><strong>etque</strong></span> <span class='ocrx_word' id='word_1_148' title='bbox 794 2413 840 2470; x_wconf 81' lang='lat' dir='ltr'><strong>ito</strong></span> <span class='ocrx_word' id='word_1_149' title='bbox 861 2416 977 2474; x_wconf 87' lang='lat' dir='ltr'><strong>omnino</strong></span> <span class='ocrx_word' id='word_1_150' title='bbox 1000 2419 1041 2473; x_wconf 87' lang='lat' dir='ltr'><strong>ut.</strong></span> 
     </span>
    </p>

    <p class='ocr_par' dir='ltr' id='par_1_8' title="bbox 145 2509 798 2594">
     <span class='ocr_line' id='line_1_19' title="bbox 145 2509 798 2594; baseline -0.014 -18"><span class='ocrx_word' id='word_1_151' title='bbox 145 2525 209 2589; x_wconf 85' lang='lat' dir='ltr'><strong>cst,</strong></span> <span class='ocrx_word' id='word_1_152' title='bbox 230 2511 318 2594; x_wconf 82' lang='lat' dir='ltr'><strong>erit)</strong></span> <span class='ocrx_word' id='word_1_153' title='bbox 344 2514 368 2574; x_wconf 91' lang='lat' dir='ltr'>B</span> <span class='ocrx_word' id='word_1_154' title='bbox 392 2514 422 2572; x_wconf 86' lang='lat' dir='ltr'><strong>ct</strong></span> <span class='ocrx_word' id='word_1_155' title='bbox 443 2509 480 2570; x_wconf 85' lang='lat' dir='ltr'><strong>ol.</strong></span> <span class='ocrx_word' id='word_1_156' title='bbox 503 2525 569 2572; x_wconf 83' lang='lat' dir='ltr'><strong>rec:</strong></span> <span class='ocrx_word' id='word_1_157' title='bbox 589 2517 638 2585; x_wconf 75' lang='lat' dir='ltr'><strong>es!</strong></span> <span class='ocrx_word' id='word_1_158' title='bbox 659 2509 710 2568; x_wconf 83' lang='lat' dir='ltr'><strong>cel</strong></span> <span class='ocrx_word' id='word_1_159' title='bbox 731 2512 798 2569; x_wconf 79' lang='lat' dir='ltr'><strong>erit.</strong></span> 
     </span>
    </p>

    <p class='ocr_par' dir='ltr' id='par_1_9' title="bbox 103 2606 1285 2988">
     <span class='ocr_line' id='line_1_20' title="bbox 144 2606 1281 2694; baseline 0.001 -19"><span class='ocrx_word' id='word_1_160' title='bbox 144 2623 199 2676; x_wconf 84' lang='lat' dir='ltr'><strong>out</strong></span> <span class='ocrx_word' id='word_1_161' title='bbox 219 2611 269 2694; x_wconf 75' lang='lat' dir='ltr'><strong>si]</strong></span> <span class='ocrx_word' id='word_1_162' title='bbox 291 2613 355 2673; x_wconf 89' lang='lat' dir='ltr'><strong>Aut</strong></span> <span class='ocrx_word' id='word_1_163' title='bbox 377 2612 406 2670; x_wconf 90' lang='lat' dir='ltr'><strong>in</strong></span> <span class='ocrx_word' id='word_1_164' title='bbox 429 2607 563 2670; x_wconf 87' lang='lat' dir='ltr'><strong>omnibus</strong></span> <span class='ocrx_word' id='word_1_165' title='bbox 583 2607 668 2668; x_wconf 85' lang='lat' dir='ltr'><strong>libris</strong></span> <span class='ocrx_word' id='word_1_166' title='bbox 690 2607 795 2688; x_wconf 75' lang='lat' dir='ltr'><strong>‹icost3</strong></span> <span class='ocrx_word' id='word_1_167' title='bbox 817 2606 886 2668; x_wconf 87' lang='lat' dir='ltr'><strong>iliud</strong></span> <span class='ocrx_word' id='word_1_168' title='bbox 908 2612 980 2688; x_wconf 83' lang='lat' dir='ltr'><strong>post</strong></span> <span class='ocrx_word' id='word_1_169' title='bbox 999 2611 1134 2675; x_wconf 82' lang='lat' dir='ltr'><strong>Brisson.</strong></span> <span class='ocrx_word' id='word_1_170' title='bbox 1148 2617 1281 2676; x_wconf 75' lang='lat' dir='ltr'>certatim</span> 
     </span>
     <span class='ocr_line' id='line_1_21' title="bbox 104 2705 1285 2794; baseline 0.001 -19"><span class='ocrx_word' id='word_1_171' title='bbox 104 2715 262 2775; x_wconf 83' lang='lat' dir='ltr'><strong>restituere</strong></span> <span class='ocrx_word' id='word_1_172' title='bbox 283 2712 341 2772; x_wconf 89' lang='lat' dir='ltr'><strong>viri</strong></span> <span class='ocrx_word' id='word_1_173' title='bbox 364 2709 462 2784; x_wconf 87' lang='lat' dir='ltr'><strong>docti,</strong></span> <span class='ocrx_word' id='word_1_174' title='bbox 493 2707 691 2786; x_wconf 73' lang='lat' dir='ltr'><strong>respicientes</strong></span> <span class='ocrx_word' id='word_1_175' title='bbox 713 2705 815 2794; x_wconf 82' lang='lat' dir='ltr'><strong>iocum</strong></span> <span class='ocrx_word' id='word_1_176' title='bbox 832 2708 907 2768; x_wconf 84' lang='lat' dir='ltr'><strong>inira</strong></span> <span class='ocrx_word' id='word_1_177' title='bbox 927 2727 992 2789; x_wconf 85' lang='lat' dir='ltr'><strong>scq.</strong></span> <span class='ocrx_word' id='word_1_178' title='bbox 1014 2710 1207 2780; x_wconf 81' lang='lat' dir='ltr'><strong>simillimum:</strong></span> <span class='ocrx_word' id='word_1_179' title='bbox 1230 2723 1285 2776; x_wconf 72' lang='lat' dir='ltr'><strong>auo</strong></span> 
     </span>
     <span class='ocr_line' id='line_1_22' title="bbox 103 2804 1281 2875; baseline 0 0"><span class='ocrx_word' id='word_1_180' title='bbox 103 2817 132 2874; x_wconf 79' lang='lat' dir='ltr'><strong>ci</strong></span> <span class='ocrx_word' id='word_1_181' title='bbox 153 2813 282 2874; x_wconf 82' lang='lat' dir='ltr'><strong>Curatur</strong></span> <span class='ocrx_word' id='word_1_182' title='bbox 302 2829 360 2870; x_wconf 83' lang='lat' dir='ltr'><strong>oon</strong></span> <span class='ocrx_word' id='word_1_183' title='bbox 380 2811 449 2869; x_wconf 80' lang='lat' dir='ltr'><strong>erit.</strong></span> <span class='ocrx_word' id='word_1_184' title='bbox 485 2806 518 2868; x_wconf 89' lang='lat' dir='ltr'><strong>ln</strong></span> <span class='ocrx_word' id='word_1_185' title='bbox 541 2805 568 2868; x_wconf 92' lang='lat' dir='ltr'>U</span> <span class='ocrx_word' id='word_1_186' title='bbox 587 2824 606 2867; x_wconf 82' lang='lat' dir='ltr'><strong>o</strong></span> <span class='ocrx_word' id='word_1_187' title='bbox 625 2804 720 2867; x_wconf 84' lang='lat' dir='ltr'><strong>vcrbo</strong></span> <span class='ocrx_word' id='word_1_188' title='bbox 741 2809 801 2867; x_wconf 81' lang='lat' dir='ltr'><strong>erit</strong></span> <span class='ocrx_word' id='word_1_189' title='bbox 819 2804 955 2867; x_wconf 81' lang='lat' dir='ltr'><strong>librarius</strong></span> <span class='ocrx_word' id='word_1_190' title='bbox 976 2807 1125 2870; x_wconf 73' lang='lat' dir='ltr'><strong>transiluit</strong></span> <span class='ocrx_word' id='word_1_191' title='bbox 1144 2812 1181 2872; x_wconf 84' lang='lat' dir='ltr'><strong>ad</strong></span> <span class='ocrx_word' id='word_1_192' title='bbox 1202 2812 1281 2875; x_wconf 83' lang='lat' dir='ltr'><strong>olte-</strong></span> 
     </span>
     <span class='ocr_line' id='line_1_23' title="bbox 103 2905 1187 2988; baseline 0 -15"><span class='ocrx_word' id='word_1_193' title='bbox 103 2932 163 2972; x_wconf 87' lang='lat' dir='ltr'><strong>rum</strong></span> <span class='ocrx_word' id='word_1_194' title='bbox 186 2913 257 2985; x_wconf 87' lang='lat' dir='ltr'><strong>erit,</strong></span> <span class='ocrx_word' id='word_1_195' title='bbox 280 2908 436 2988; x_wconf 85' lang='lat' dir='ltr'><strong>emisitque</strong></span> <span class='ocrx_word' id='word_1_196' title='bbox 457 2907 554 2966; x_wconf 84' lang='lat' dir='ltr'><strong>nrcdia</strong></span> <span class='ocrx_word' id='word_1_197' title='bbox 575 2907 676 2967; x_wconf 79' lang='lat' dir='ltr'><strong>antei</strong></span> <span class='ocrx_word' id='word_1_198' title='bbox 697 2905 827 2966; x_wconf 81' lang='lat' dir='ltr'><strong>Curator</strong></span> <span class='ocrx_word' id='word_1_199' title='bbox 848 2925 994 2987; x_wconf 80' lang='lat' dir='ltr'><strong>eqourum</strong></span> <span class='ocrx_word' id='word_1_200' title='bbox 1014 2926 1097 2970; x_wconf 87' lang='lat' dir='ltr'><strong>nemo</strong></span> <span class='ocrx_word' id='word_1_201' title='bbox 1119 2914 1187 2975; x_wconf 80' lang='lat' dir='ltr'><strong>erit.</strong></span> 
     </span>
    </p>

    <p class='ocr_par' dir='ltr' id='par_1_10' title="bbox 76 3003 1280 3268">
     <span class='ocr_line' id='line_1_24' title="bbox 143 3003 1280 3094; baseline 0.001 -22"><span class='ocrx_word' id='word_1_202' title='bbox 143 3010 236 3072; x_wconf 67' lang='lat' dir='ltr'><strong>sowa</strong></span> <span class='ocrx_word' id='word_1_203' title='bbox 257 3011 334 3080; x_wconf 83' lang='lat' dir='ltr'><strong>cto.)</strong></span> <span class='ocrx_word' id='word_1_204' title='bbox 356 3006 438 3068; x_wconf 83' lang='lat' dir='ltr'><strong>Liltri</strong></span> <span class='ocrx_word' id='word_1_205' title='bbox 461 3023 563 3065; x_wconf 86' lang='lat' dir='ltr'><strong>onrncs</strong></span> <span class='ocrx_word' id='word_1_206' title='bbox 584 3003 716 3065; x_wconf 83' lang='lat' dir='ltr'><strong>multum.</strong></span> <span class='ocrx_word' id='word_1_207' title='bbox 750 3003 822 3067; x_wconf 84' lang='lat' dir='ltr'><strong>Scir.</strong></span> <span class='ocrx_word' id='word_1_208' title='bbox 834 3003 931 3082; x_wconf 80' lang='lat' dir='ltr'><strong>legit:</strong></span> <span class='ocrx_word' id='word_1_209' title='bbox 953 3007 1075 3068; x_wconf 80' lang='lat' dir='ltr'><strong>multant</strong></span> <span class='ocrx_word' id='word_1_210' title='bbox 1096 3005 1206 3089; x_wconf 76' lang='lat' dir='ltr'><strong>dicito,</strong></span> <span class='ocrx_word' id='word_1_211' title='bbox 1225 3016 1280 3094; x_wconf 82' lang='lat' dir='ltr'><strong>pi-</strong></span> 
     </span>
     <span class='ocr_line' id='line_1_25' title="bbox 101 3103 1280 3189; baseline 0.003 -20"><span class='ocrx_word' id='word_1_212' title='bbox 101 3125 200 3189; x_wconf 76' lang='lat' dir='ltr'><strong>qnoru</strong></span> <span class='ocrx_word' id='word_1_213' title='bbox 221 3109 337 3187; x_wconf 80' lang='lat' dir='ltr'><strong>capito.</strong></span> <span class='ocrx_word' id='word_1_214' title='bbox 363 3104 472 3167; x_wconf 77' lang='lat' dir='ltr'><strong>Adhuc</strong></span> <span class='ocrx_word' id='word_1_215' title='bbox 494 3103 652 3179; x_wconf 71' lang='lat' dir='ltr'><strong>legebatur</strong></span> <span class='ocrx_word' id='word_1_216' title='bbox 671 3108 820 3182; x_wconf 80' lang='lat' dir='ltr'><strong>coercito,</strong></span> <span class='ocrx_word' id='word_1_217' title='bbox 842 3105 922 3187; x_wconf 82' lang='lat' dir='ltr'><strong>quod</strong></span> <span class='ocrx_word' id='word_1_218' title='bbox 944 3107 1088 3167; x_wconf 85' lang='lat' dir='ltr'><strong>nemiuem</strong></span> <span class='ocrx_word' id='word_1_219' title='bbox 1109 3110 1280 3173; x_wconf 77' lang='lat' dir='ltr'><strong>correxisse</strong></span> 
     </span>
     <span class='ocr_line' id='line_1_26' title="bbox 76 3200 425 3268; baseline -0.014 1"><span class='ocrx_word' id='word_1_220' title='bbox 76 3200 78 3205; x_wconf 56' lang='grc'>’</span> <span class='ocrx_word' id='word_1_221' title='bbox 101 3209 199 3268; x_wconf 86' lang='lat' dir='ltr'><strong>miror.</strong></span> <span class='ocrx_word' id='word_1_222' title='bbox 226 3204 277 3268; x_wconf 82' lang='lat' dir='ltr'><strong>ct.</strong></span> <span class='ocrx_word' id='word_1_223' title='bbox 299 3205 425 3265; x_wconf 84' lang='lat' dir='ltr'><strong>Annott.</strong></span> 
     </span>
    </p>

    <p class='ocr_par' dir='ltr' id='par_1_11' title="bbox 142 3300 717 3383">
     <span class='ocr_line' id='line_1_27' title="bbox 142 3300 717 3383; baseline -0.01 -15"><span class='ocrx_word' id='word_1_224' title='bbox 142 3307 284 3368; x_wconf 81' lang='lat' dir='ltr'><strong>Praetori</strong></span> <span class='ocrx_word' id='word_1_225' title='bbox 304 3310 355 3377; x_wconf 81' lang='lat' dir='ltr'><strong>co)</strong></span> <span class='ocrx_word' id='word_1_226' title='bbox 385 3300 470 3365; x_wconf 80' lang='lat' dir='ltr'><strong>GU:</strong></span> <span class='ocrx_word' id='word_1_227' title='bbox 490 3304 649 3383; x_wconf 81' lang='lat' dir='ltr'><strong>praetorio</strong></span> <span class='ocrx_word' id='word_1_228' title='bbox 672 3316 717 3362; x_wconf 86' lang='lat' dir='ltr'><strong>eo.</strong></span> 
     </span>
    </p>

    <p class='ocr_par' dir='ltr' id='par_1_12' title="bbox 99 3400 1279 4573">
     <span class='ocr_line' id='line_1_28' title="bbox 143 3400 1279 3485; baseline 0 -19"><span class='ocrx_word' id='word_1_229' title='bbox 143 3400 294 3485; x_wconf 66' lang='lat' dir='ltr'><strong>coquendi)</strong></span> <span class='ocrx_word' id='word_1_230' title='bbox 329 3402 413 3465; x_wconf 78' lang='lat' dir='ltr'><strong>ndo:</strong></span> <span class='ocrx_word' id='word_1_231' title='bbox 441 3421 552 3479; x_wconf 78' lang='lat' dir='ltr'><strong>coqere</strong></span> <span class='ocrx_word' id='word_1_232' title='bbox 580 3410 610 3461; x_wconf 84' lang='lat' dir='ltr'><strong>et</strong></span> <span class='ocrx_word' id='word_1_233' title='bbox 636 3418 777 3461; x_wconf 82' lang='lat' dir='ltr'><strong>coercere</strong></span> <span class='ocrx_word' id='word_1_234' title='bbox 801 3400 942 3463; x_wconf 65' lang='lat' dir='ltr'><strong>moute-roc.</strong></span> <span class='ocrx_word' id='word_1_235' title='bbox 985 3400 1074 3463; x_wconf 79' lang='lat' dir='ltr'><strong>UVt</strong></span> <span class='ocrx_word' id='word_1_236' title='bbox 1102 3419 1213 3481; x_wconf 77' lang='lat' dir='ltr'><strong>coqere</strong></span> <span class='ocrx_word' id='word_1_237' title='bbox 1239 3404 1279 3467; x_wconf 81' lang='lat' dir='ltr'><strong>de</strong></span> 
     </span>
     <span class='ocr_line' id='line_1_29' title="bbox 101 3499 1278 3581; baseline -0.002 -15"><span class='ocrx_word' id='word_1_238' title='bbox 101 3503 293 3566; x_wconf 72' lang='lat' dir='ltr'><strong>cohercenda</strong></span> <span class='ocrx_word' id='word_1_239' title='bbox 313 3501 405 3561; x_wconf 80' lang='lat' dir='ltr'><strong>multo</strong></span> <span class='ocrx_word' id='word_1_240' title='bbox 428 3499 560 3560; x_wconf 79' lang='lat' dir='ltr'><strong>dicende</strong></span> <span class='ocrx_word' id='word_1_241' title='bbox 581 3508 653 3560; x_wconf 79' lang='lat' dir='ltr'><strong>sunt</strong></span> <span class='ocrx_word' id='word_1_242' title='bbox 670 3503 808 3579; x_wconf 77' lang='lat' dir='ltr'><strong>piquoric</strong></span> <span class='ocrx_word' id='word_1_243' title='bbox 830 3521 901 3581; x_wconf 79' lang='lat' dir='ltr'><strong>cop.</strong></span> <span class='ocrx_word' id='word_1_244' title='bbox 930 3499 1090 3578; x_wconf 78' lang='lat' dir='ltr'><strong>Correptio</strong></span> <span class='ocrx_word' id='word_1_245' title='bbox 1113 3503 1278 3581; x_wconf 86' lang='lat' dir='ltr'><strong>escriptu-</strong></span> 
     </span>
     <span class='ocr_line' id='line_1_30' title="bbox 101 3598 1278 3681; baseline -0.007 -17"><span class='ocrx_word' id='word_1_246' title='bbox 101 3622 151 3664; x_wconf 82' lang='lat' dir='ltr'><strong>rae</strong></span> <span class='ocrx_word' id='word_1_247' title='bbox 172 3600 346 3681; x_wconf 82' lang='lat' dir='ltr'><strong>comperuiio</strong></span> <span class='ocrx_word' id='word_1_248' title='bbox 370 3599 539 3675; x_wconf 77' lang='lat' dir='ltr'><strong>negligenti</strong></span> <span class='ocrx_word' id='word_1_249' title='bbox 562 3603 593 3658; x_wconf 88' lang='lat' dir='ltr'><strong>et</strong></span> <span class='ocrx_word' id='word_1_250' title='bbox 613 3617 706 3677; x_wconf 76' lang='lat' dir='ltr'><strong>provo</strong></span> <span class='ocrx_word' id='word_1_251' title='bbox 728 3618 745 3659; x_wconf 84' lang='lat' dir='ltr'><strong>n</strong></span> <span class='ocrx_word' id='word_1_252' title='bbox 766 3599 894 3660; x_wconf 81' lang='lat' dir='ltr'><strong>librariis</strong></span> <span class='ocrx_word' id='word_1_253' title='bbox 916 3598 1068 3660; x_wconf 85' lang='lat' dir='ltr'><strong>intellecto</strong></span> <span class='ocrx_word' id='word_1_254' title='bbox 1091 3603 1167 3661; x_wconf 79' lang='lat' dir='ltr'><strong>orte.</strong></span> <span class='ocrx_word' id='word_1_255' title='bbox 1206 3601 1278 3663; x_wconf 88' lang='lat' dir='ltr'><strong>Sci.</strong></span> 
     </span>
     <span class='ocr_line' id='line_1_31' title="bbox 101 3689 1277 3782; baseline 0.003 -22"><span class='ocrx_word' id='word_1_256' title='bbox 101 3701 174 3762; x_wconf 88' lang='lat' dir='ltr'><strong>iicct</strong></span> <span class='ocrx_word' id='word_1_257' title='bbox 199 3703 229 3762; x_wconf 91' lang='lat' dir='ltr'><strong>in</strong></span> <span class='ocrx_word' id='word_1_258' title='bbox 252 3698 278 3763; x_wconf 84' lang='lat' dir='ltr'><strong>C</strong></span> <span class='ocrx_word' id='word_1_259' title='bbox 301 3698 408 3759; x_wconf 70' lang='lat' dir='ltr'><strong>uidcor</strong></span> <span class='ocrx_word' id='word_1_260' title='bbox 435 3689 516 3778; x_wconf 58' lang='lat' dir='ltr'><strong>coq‘</strong></span> <span class='ocrx_word' id='word_1_261' title='bbox 551 3698 589 3759; x_wconf 79' lang='lat' dir='ltr'><strong>lue</strong></span> <span class='ocrx_word' id='word_1_262' title='bbox 615 3698 787 3759; x_wconf 84' lang='lat' dir='ltr'><strong>coercendo</strong></span> <span class='ocrx_word' id='word_1_263' title='bbox 811 3699 905 3759; x_wconf 82' lang='lat' dir='ltr'><strong>multa</strong></span> <span class='ocrx_word' id='word_1_264' title='bbox 931 3698 1061 3759; x_wconf 70' lang='lat' dir='ltr'><strong>dicentia</strong></span> <span class='ocrx_word' id='word_1_265' title='bbox 1082 3709 1153 3760; x_wconf 83' lang='lat' dir='ltr'><strong>eunt</strong></span> <span class='ocrx_word' id='word_1_266' title='bbox 1169 3705 1277 3782; x_wconf 76' lang='lat' dir='ltr'><strong>piqn.,·</strong></span> 
     </span>
     <span class='ocr_line' id='line_1_32' title="bbox 101 3789 1278 3880; baseline -0.006 -21"><span class='ocrx_word' id='word_1_267' title='bbox 101 3801 130 3860; x_wconf 94' lang='lat' dir='ltr'><strong>in</strong></span> <span class='ocrx_word' id='word_1_268' title='bbox 153 3819 211 3880; x_wconf 93' lang='lat' dir='ltr'><strong>quo</strong></span> <span class='ocrx_word' id='word_1_269' title='bbox 233 3789 304 3880; x_wconf 58' lang='lat' dir='ltr'><strong>coff.</strong></span> <span class='ocrx_word' id='word_1_270' title='bbox 327 3796 364 3860; x_wconf 81' lang='lat' dir='ltr'><strong>ie</strong></span> <span class='ocrx_word' id='word_1_271' title='bbox 392 3794 466 3877; x_wconf 75' lang='lat' dir='ltr'><strong>(pro</strong></span> <span class='ocrx_word' id='word_1_272' title='bbox 490 3791 585 3876; x_wconf 67' lang='lat' dir='ltr'><strong>coqe?</strong></span> <span class='ocrx_word' id='word_1_273' title='bbox 606 3796 659 3871; x_wconf 75' lang='lat' dir='ltr'><strong>ie,</strong></span> <span class='ocrx_word' id='word_1_274' title='bbox 682 3799 701 3860; x_wconf 83' lang='lat' dir='ltr'><strong>i.</strong></span> <span class='ocrx_word' id='word_1_275' title='bbox 719 3817 747 3857; x_wconf 78' lang='lat' dir='ltr'><strong>c.</strong></span> <span class='ocrx_word' id='word_1_276' title='bbox 770 3815 878 3876; x_wconf 81' lang='lat' dir='ltr'><strong>ccqere</strong></span> <span class='ocrx_word' id='word_1_277' title='bbox 899 3797 957 3871; x_wconf 83' lang='lat' dir='ltr'><strong>lue)</strong></span> <span class='ocrx_word' id='word_1_278' title='bbox 986 3801 1123 3858; x_wconf 83' lang='lat' dir='ltr'><strong>exoratur</strong></span> <span class='ocrx_word' id='word_1_279' title='bbox 1143 3818 1198 3878; x_wconf 77' lang='lat' dir='ltr'><strong>pro</strong></span> <span class='ocrx_word' id='word_1_280' title='bbox 1221 3820 1278 3865; x_wconf 85' lang='lat' dir='ltr'><strong>co.</strong></span> 
     </span>
     <span class='ocr_line' id='line_1_33' title="bbox 99 3891 1278 3977; baseline 0 -17"><span class='ocrx_word' id='word_1_281' title='bbox 99 3897 177 3977; x_wconf 67' lang='lat' dir='ltr'><strong>qelue</strong></span> <span class='ocrx_word' id='word_1_282' title='bbox 203 3899 223 3957; x_wconf 91' lang='lat' dir='ltr'><strong>i.</strong></span> <span class='ocrx_word' id='word_1_283' title='bbox 247 3917 274 3958; x_wconf 84' lang='lat' dir='ltr'><strong>c.</strong></span> <span class='ocrx_word' id='word_1_284' title='bbox 303 3893 444 3974; x_wconf 77' lang='lat' dir='ltr'><strong>eoqenie.</strong></span> <span class='ocrx_word' id='word_1_285' title='bbox 487 3896 624 3975; x_wconf 70' lang='lat' dir='ltr'><strong>(quenlre</strong></span> <span class='ocrx_word' id='word_1_286' title='bbox 650 3900 745 3957; x_wconf 78' lang='lat' dir='ltr'><strong>arrtcnu</strong></span> <span class='ocrx_word' id='word_1_287' title='bbox 776 3902 823 3958; x_wconf 88' lang='lat' dir='ltr'><strong>est</strong></span> <span class='ocrx_word' id='word_1_288' title='bbox 850 3894 984 3976; x_wconf 77' lang='lat' dir='ltr'><strong>coqende</strong></span> <span class='ocrx_word' id='word_1_289' title='bbox 1011 3891 1142 3975; x_wconf 80' lang='lat' dir='ltr'><strong>[litteris</strong></span> <span class='ocrx_word' id='word_1_290' title='bbox 1162 3897 1183 3959; x_wconf 81' lang='lat' dir='ltr'><strong>iu·</strong></span> <span class='ocrx_word' id='word_1_291' title='bbox 1204 3901 1278 3962; x_wconf 81' lang='lat' dir='ltr'><strong>ctul</strong></span> 
     </span>
     <span class='ocr_line' id='line_1_34' title="bbox 100 3994 1277 4076; baseline 0.003 -19"><span class='ocrx_word' id='word_1_292' title='bbox 100 3999 292 4076; x_wconf 66' lang='lat' dir='ltr'><strong>pernoctans,</strong></span> <span class='ocrx_word' id='word_1_293' title='bbox 320 4003 352 4056; x_wconf 91' lang='lat' dir='ltr'><strong>ut</strong></span> <span class='ocrx_word' id='word_1_294' title='bbox 372 3995 443 4056; x_wconf 79' lang='lat' dir='ltr'><strong>aiibi</strong></span> <span class='ocrx_word' id='word_1_295' title='bbox 466 4014 517 4054; x_wconf 82' lang='lat' dir='ltr'><strong>eas</strong></span> <span class='ocrx_word' id='word_1_296' title='bbox 540 3995 715 4055; x_wconf 77' lang='lat' dir='ltr'><strong>invertendo</strong></span> <span class='ocrx_word' id='word_1_297' title='bbox 738 4002 759 4076; x_wconf 82' lang='lat' dir='ltr'><strong>q‘</strong></span> <span class='ocrx_word' id='word_1_298' title='bbox 779 3998 810 4055; x_wconf 94' lang='lat' dir='ltr'><strong>ct</strong></span> <span class='ocrx_word' id='word_1_299' title='bbox 828 4013 868 4075; x_wconf 81' lang='lat' dir='ltr'><strong>p,</strong></span> <span class='ocrx_word' id='word_1_300' title='bbox 895 4012 1054 4076; x_wconf 81' lang='lat' dir='ltr'><strong>rursusque</strong></span> <span class='ocrx_word' id='word_1_301' title='bbox 1076 3994 1124 4056; x_wconf 85' lang='lat' dir='ltr'><strong>iris</strong></span> <span class='ocrx_word' id='word_1_302' title='bbox 1145 3996 1222 4059; x_wconf 86' lang='lat' dir='ltr'><strong>inter</strong></span> <span class='ocrx_word' id='word_1_303' title='bbox 1243 4018 1277 4060; x_wconf 92' lang='lat' dir='ltr'><strong>sc</strong></span> 
     </span>
     <span class='ocr_line' id='line_1_35' title="bbox 100 4093 1278 4176; baseline 0.002 -20"><span class='ocrx_word' id='word_1_304' title='bbox 100 4095 268 4171; x_wconf 74' lang='lat' dir='ltr'><strong>cornibus),</strong></span> <span class='ocrx_word' id='word_1_305' title='bbox 292 4100 322 4156; x_wconf 89' lang='lat' dir='ltr'><strong>ct</strong></span> <span class='ocrx_word' id='word_1_306' title='bbox 344 4093 459 4172; x_wconf 79' lang='lat' dir='ltr'><strong>syiiebn</strong></span> <span class='ocrx_word' id='word_1_307' title='bbox 481 4094 533 4168; x_wconf 81' lang='lat' dir='ltr'><strong>de,</strong></span> <span class='ocrx_word' id='word_1_308' title='bbox 555 4112 640 4174; x_wconf 78' lang='lat' dir='ltr'><strong>uquam</strong></span> <span class='ocrx_word' id='word_1_309' title='bbox 662 4093 804 4155; x_wconf 79' lang='lat' dir='ltr'><strong>vidcticct</strong></span> <span class='ocrx_word' id='word_1_310' title='bbox 826 4111 894 4154; x_wconf 90' lang='lat' dir='ltr'><strong>csse</strong></span> <span class='ocrx_word' id='word_1_311' title='bbox 916 4094 1166 4172; x_wconf 78' lang='lat' dir='ltr'><strong>praepositionem</strong></span> <span class='ocrx_word' id='word_1_312' title='bbox 1187 4101 1278 4176; x_wconf 79' lang='lat' dir='ltr'><strong>pute-</strong></span> 
     </span>
     <span class='ocr_line' id='line_1_36' title="bbox 99 4192 1277 4274; baseline -0.001 -19"><span class='ocrx_word' id='word_1_313' title='bbox 99 4194 189 4270; x_wconf 83' lang='lat' dir='ltr'><strong>bant,</strong></span> <span class='ocrx_word' id='word_1_314' title='bbox 216 4196 396 4273; x_wconf 85' lang='lat' dir='ltr'><strong>provocevit</strong></span> <span class='ocrx_word' id='word_1_315' title='bbox 422 4192 581 4254; x_wconf 77' lang='lat' dir='ltr'><strong>ablativum</strong></span> <span class='ocrx_word' id='word_1_316' title='bbox 605 4193 776 4253; x_wconf 79' lang='lat' dir='ltr'><strong>coercenda</strong></span> <span class='ocrx_word' id='word_1_317' title='bbox 796 4193 908 4268; x_wconf 84' lang='lat' dir='ltr'><strong>mutto,·</strong></span> <span class='ocrx_word' id='word_1_318' title='bbox 935 4196 966 4252; x_wconf 95' lang='lat' dir='ltr'><strong>ct</strong></span> <span class='ocrx_word' id='word_1_319' title='bbox 987 4192 1031 4251; x_wconf 90' lang='lat' dir='ltr'><strong>sio</strong></span> <span class='ocrx_word' id='word_1_320' title='bbox 1052 4210 1142 4271; x_wconf 87' lang='lat' dir='ltr'><strong>porro</strong></span> <span class='ocrx_word' id='word_1_321' title='bbox 1162 4213 1277 4274; x_wconf 86' lang='lat' dir='ltr'><strong>propo-</strong></span> 
     </span>
     <span class='ocr_line' id='line_1_37' title="bbox 99 4288 1276 4373; baseline -0.002 -19"><span class='ocrx_word' id='word_1_322' title='bbox 99 4297 172 4371; x_wconf 79' lang='lat' dir='ltr'><strong>gete</strong></span> <span class='ocrx_word' id='word_1_323' title='bbox 194 4294 300 4354; x_wconf 80' lang='lat' dir='ltr'><strong>sordes</strong></span> <span class='ocrx_word' id='word_1_324' title='bbox 322 4298 379 4357; x_wconf 87' lang='lat' dir='ltr'><strong>cst.</strong></span> <span class='ocrx_word' id='word_1_325' title='bbox 421 4294 517 4356; x_wconf 90' lang='lat' dir='ltr'><strong>Rcotc</strong></span> <span class='ocrx_word' id='word_1_326' title='bbox 540 4291 635 4353; x_wconf 86' lang='lat' dir='ltr'><strong>locum</strong></span> <span class='ocrx_word' id='word_1_327' title='bbox 659 4293 713 4352; x_wconf 84' lang='lat' dir='ltr'><strong>ianr</strong></span> <span class='ocrx_word' id='word_1_328' title='bbox 736 4293 891 4353; x_wconf 80' lang='lat' dir='ltr'><strong>constituit</strong></span> <span class='ocrx_word' id='word_1_329' title='bbox 916 4288 980 4352; x_wconf 85' lang='lat' dir='ltr'><strong>Pol.</strong></span> <span class='ocrx_word' id='word_1_330' title='bbox 1024 4291 1062 4351; x_wconf 83' lang='lat' dir='ltr'><strong>nt</strong></span> <span class='ocrx_word' id='word_1_331' title='bbox 1084 4291 1276 4373; x_wconf 81' lang='lat' dir='ltr'><strong>nequicquam</strong></span> 
     </span>
     <span class='ocr_line' id='line_1_38' title="bbox 99 4389 1276 4470; baseline 0 -19"><span class='ocrx_word' id='word_1_332' title='bbox 99 4411 149 4452; x_wconf 88' lang='lat' dir='ltr'><strong>res</strong></span> <span class='ocrx_word' id='word_1_333' title='bbox 170 4411 266 4453; x_wconf 83' lang='lat' dir='ltr'><strong>noves</strong></span> <span class='ocrx_word' id='word_1_334' title='bbox 288 4393 405 4454; x_wconf 86' lang='lat' dir='ltr'><strong>molitus</strong></span> <span class='ocrx_word' id='word_1_335' title='bbox 429 4398 476 4453; x_wconf 89' lang='lat' dir='ltr'><strong>cst</strong></span> <span class='ocrx_word' id='word_1_336' title='bbox 504 4391 577 4452; x_wconf 85' lang='lat' dir='ltr'><strong>Scir.</strong></span> <span class='ocrx_word' id='word_1_337' title='bbox 599 4390 749 4468; x_wconf 82' lang='lat' dir='ltr'><strong>legendo:</strong></span> <span class='ocrx_word' id='word_1_338' title='bbox 779 4390 924 4470; x_wconf 73' lang='lat' dir='ltr'><strong>coqendi,</strong></span> <span class='ocrx_word' id='word_1_339' title='bbox 952 4389 1129 4467; x_wconf 83' lang='lat' dir='ltr'><strong>coercendi,</strong></span> <span class='ocrx_word' id='word_1_340' title='bbox 1155 4391 1276 4452; x_wconf 81' lang='lat' dir='ltr'><strong>multam</strong></span> 
     </span>
     <span class='ocr_line' id='line_1_39' title="bbox 101 4491 852 4573; baseline 0.001 -22"><span class='ocrx_word' id='word_1_341' title='bbox 101 4491 243 4566; x_wconf 81' lang='lat' dir='ltr'><strong>dicendi,</strong></span> <span class='ocrx_word' id='word_1_342' title='bbox 265 4496 346 4553; x_wconf 79' lang='lat' dir='ltr'><strong>sicut</strong></span> <span class='ocrx_word' id='word_1_343' title='bbox 367 4495 456 4552; x_wconf 79' lang='lat' dir='ltr'><strong>etium</strong></span> <span class='ocrx_word' id='word_1_344' title='bbox 474 4495 606 4573; x_wconf 70' lang='lat' dir='ltr'><strong>pionem</strong></span> <span class='ocrx_word' id='word_1_345' title='bbox 628 4491 773 4571; x_wconf 81' lang='lat' dir='ltr'><strong>capiendi</strong></span> <span class='ocrx_word' id='word_1_346' title='bbox 793 4496 852 4552; x_wconf 80' lang='lat' dir='ltr'><strong>ius.</strong></span> 
     </span>
    </p>
   </div>
   <div class='ocr_carea' id='block_1_4' title="bbox 887 4589 1082 4654">
    <p class='ocr_par' dir='ltr' id='par_1_13' title="bbox 887 4589 1082 4654">
     <span class='ocr_line' id='line_1_40' title="bbox 887 4589 1082 4654; baseline 0 -5"><span class='ocrx_word' id='word_1_347' title='bbox 887 4589 1082 4654; x_wconf 61' lang='grc' dir='ltr'><strong>,θ’</strong></span> 
     </span>
    </p>
   </div>
   <div class='ocr_carea' id='block_1_5' title="bbox 0 0 1494 4988">
    <p class='ocr_par' dir='ltr' id='par_1_14' title="bbox 0 0 1494 4988">
     <span class='ocr_line' id='line_1_41' title="bbox 0 0 1494 4988; baseline 0 2"><span class='ocrx_word' id='word_1_348' title='bbox 0 0 1494 4988; x_wconf 95' lang='lat' dir='ltr'><strong> </strong></span> 
     </span>
    </p>
   </div>
  </div>
 </body>
</html>
