2978 4988
91 338 167 415 128

536 337 946 420 FRON'PINUS

192 574 366 670 aequitate
392 596 436 646 ne
463 596 506 648 ea
532 574 669 670 quidem
698 576 887 672 eripuerint
911 574 1080 671 privatis,
1109 598 1200 669 quae
1226 572 1270 646 nd
1298 599 1374 647 rno-

194 691 274 763 dunr
300 689 477 786 publicum
503 690 738 787 pertinebant,
767 689 852 785 sed⁷
884 715 962 763 curn
990 715 1100 785 arpues
1127 691 1373 787 perducerent,

192 808 224 879 si
250 804 424 879 difficilior
449 830 645 903 possessor
670 810 703 878 in
728 819 829 904 parte
855 806 1038 880 vendende
1060 808 1189 899 iuerat,
1218 822 1374 904 prototo

191 945 279 1019 egro
314 928 498 1018 pecuniam
531 921 708 994 intulerint
740 934 775 995 et
804 936 886 1019 post
917 924 1144 997 determinata
1168 924 1373 996 necessario

190 1040 269 1111 loca
304 1062 430 1111 rursus
466 1063 545 1111 eurn
578 1062 704 1135 agrum
732 1038 970 1131 vendiderint7
1005 1052 1045 1112 ut
1074 1041 1108 1111 in
1142 1062 1217 1111 suis
1246 1039 1371 1111 tinibus

190 1156 369 1253 proprium
396 1160 452 1228 ius
479 1155 704 1252 respublica
731 1177 834 1250 quarn
860 1161 996 1252 privata
1023 1155 1200 1230 haberent.
1251 1156 1371 1228 Pieri-

189 1282 415 1367 (luctamen,
449 1295 518 1345 non
546 1277 698 1345 contenti
725 1295 922 1368 occupasse
949 1271 1057 1368 dues,
1091 1272 1178 1368 ipsis
1207 1271 1371 1345 ductibus

190 1411 314 1459 marrus
340 1387 543 1483 studerunt,
571 1412 635 1484 per
660 1386 853 1460 fistularum
875 1389 1134 1461 vulneratorum
1154 1387 1265 1460 latera
1284 1413 1371 1483 pus-

189 1506 256 1575 sinr
291 1527 420 1577 cursus
451 1528 619 1600 aquarum
649 1504 684 1575 in
715 1527 818 1575 usum
851 1528 953 1577 suurn
980 1514 1200 1597 auertenteS,
1236 1516 1305 1575 tani
1336 1509 1368 1587 ii,

189 1622 246 1716 qui
273 1620 328 1693 ius
355 1644 523 1717 equarum
550 1622 770 1717 impetratum
795 1620 938 1716 habent,
973 1644 1076 1715 quarn
1101 1621 1144 1713 ii,
1173 1621 1232 1717 qui
1259 1643 1370 1714 queu-

95 1817 389 1831 m

187 1910 365 1970 occasionis
390 1904 434 1967 ad
455 1904 675 1988 eepupnandos
695 1925 776 1968 nunc
797 1906 968 1971 abutuntur.
1010 1905 1038 1968 U
1059 1907 1102 1968 V:
1129 1916 1292 1988 persuetus
1314 1927 1369 1966 se-

187 2008 281 2067 tatem
307 2009 425 2088 passim
454 2025 563 2067 cursus
591 2010 640 2067 ius
665 1988 811 2088 uquarum
831 2010 1020 2088 impetratum
1039 2007 1166 2081 dederet,
1197 2027 1284 2089 quern
1307 2006 1367 2076 (Vt

184 2112 311 2189 apuam)
343 2108 368 2167 ii
389 2108 440 2188 pei
461 2106 757 2188 quantulumcumque
778 2106 914 2187 beneficii
935 2110 1110 2169 occasionis
1142 2103 1201 2187 (Ut
1223 2108 1369 2165 occasio-

184 2200 255 2285 nes]
285 2204 330 2267 ud
355 2204 577 2286 ecpepuurrdos
605 2224 685 2267 nunc
705 2204 876 2267 addemur.
918 2206 1001 2267 Edd:
1028 2225 1085 2287 per
1105 2208 1230 2266 seruitus
1251 2204 1369 2265 solutus

182 2306 300 2387 passim
320 2314 351 2367 ct
365 2324 472 2366 rursus
492 2308 541 2366 ius
556 2324 702 2387 eqourum
717 2309 906 2387 impetratum
921 2306 1032 2367 trident
1037 2349 1047 2382 ,
1068 2308 1190 2387 aquarii
1206 2305 1368 2385 pueritate-

185 2422 309 2487 eumpue
338 2402 471 2485 beneficii
497 2408 661 2467 occasione
687 2404 731 2466 ed
757 2405 977 2487 ecpupourrdos
1002 2424 1082 2466 nunc
1102 2404 1273 2465 obnituntur.
1316 2403 1368 2463 Pi-

183 2503 312 2581 thocus‚
337 2505 368 2565 in
389 2504 499 2566 ceteris
520 2505 591 2566 edd.
613 2523 761 2586 sequens,
787 2504 947 2581 legendum
970 2523 1039 2565 esse
1063 2504 1233 2565 existimet:
1263 2522 1369 2563 rursus

183 2606 213 2665 si
240 2607 288 2665 ius
309 2606 369 2665 cie.
412 2603 479 2667 Pol.
503 2604 612 2665 edidit:
640 2623 747 2666 munus
766 2605 899 2665 attulere
918 2622 975 2685 per
996 2644 1140 2664 ......
1169 2603 1270 2662 tatere
1289 2621 1368 2681 pus-

183 2705 253 2771 tino,
276 2711 337 2763 tem
358 2706 382 2765 ii
402 2706 453 2785 pei
472 2708 522 2765 ius
544 2722 593 2785 ap.
616 2707 676 2763 etc.
721 2700 848 2766 Corred.
871 2701 966 2779 legit:
991 2722 1048 2785 per
1068 2706 1165 2763 ecrite
1186 2702 1251 2772 [rel
1275 2720 1368 2761 eror-

182 2804 269 2868 ecta]
299 2805 368 2862 ausi
396 2802 497 2863 lutere
522 2805 639 2885 passim
661 2820 784 2877 cursus,
815 2806 866 2884 pui
887 2807 936 2863 ius
957 2822 1006 2884 up.
1030 2804 1088 2861 etc.
1131 2799 1211 2867 Scir:
1240 2809 1286 2875 et,
1312 2820 1368 2881 prr

181 2901 284 2962 cotem
312 2900 412 2962 latere
437 2904 529 2982 pessi
555 2904 714 2977 incursus,
752 2901 803 2962 odi
832 2906 880 2962 ius
907 2922 958 2984 up.
988 2906 1059 2982 imp.
1087 2900 1212 2975 dederet,
1245 2902 1368 2980 epure-ii

182 3009 283 3081 want.
321 2999 388 3061 iren.
416 3017 463 3062 oc.
501 2998 545 3060 ud
572 2998 791 3080 eepupnecdos
816 3018 947 3062 numeros
974 3000 1144 3061 abutuntur.
1182 3020 1212 3059 r.
1241 2998 1365 3059 Arrrrott.

184 3097 342 3188 Quomodo
362 3097 467 3161 licinr.
489 3097 590 3176 leget,
613 3098 692 3158 intra
713 3098 818 3161 dican.

220 3218 279 3283 per
293 3231 335 3241 —-
351 3198 451 3260 latera
472 3200 548 3269 etc.)
570 3197 675 3274 Lego:
699 3197 766 3259 dum
784 3217 843 3280 per
863 3198 1000 3281 suffossa
1015 3198 1114 3259 intere
1127 3203 1243 3281 passim
1261 3218 1367 3259 eureos

181 3297 386 3381 suspendunt,
409 3306 470 3359 tarn
489 3301 514 3359 ii
534 3300 585 3380 pui
606 3302 665 3361 eto.
707 3297 871 3360 Foraoerr't
896 3299 926 3359 in
947 3318 1012 3379 scq.
1034 3296 1122 3377 legc3
1145 3298 1195 3359 liic
1216 3300 1365 3380 suffossa.

182 3398 255 3461 Vid.
277 3397 379 3459 Lexx.
402 3398 433 3459 in
454 3416 485 3458 v.
529 3396 625 3458 Etiam
654 3415 695 3459 cx
716 3397 877 3460 Pendcctis
899 3397 1065 3477 exemplum
1089 3404 1137 3458 cst
1158 3417 1206 3475 ap.
1229 3399 1365 3458 Brisson.

183 3498 298 3559 Orrrscs
333 3498 468 3558 rivorum
504 3493 573 3557 nrt.
596 3499 645 3557 19.
688 3496 805 3560 Itinera
840 3496 1028 3579 suspendunt
1063 3499 1132 3559 Art.
1156 3500 1204 3558 15.
1247 3496 1367 3557 Latera

183 3596 327 3659 ductuum
350 3594 512 3659 nrt.126.
555 3597 687 3657 rivorum
711 3595 781 3677 Art.
801 3601 868 3661 122.
914 3596 1042 3658 Violare
1064 3597 1187 3674 dectus,
1216 3600 1248 3655 ut
1269 3595 1365 3671 ruigo

184 3695 307 3771 dicitur,
330 3692 457 3755 nitor.
500 3692 648 3757 Forctum
667 3699 795 3759 vitiatur
815 3695 964 3758 nuru.
1005 3693 1144 3778 Denique
1167 3695 1365 3756 emendationi

181 3792 270 3875 piene
293 3791 506 3855 confirmandae
528 3796 576 3854 est
596 3792 683 3855 locus
702 3795 772 3859 nrt
783 3799 832 3859 15.
860 3793 998 3858 nunu.

223 3897 437 3966 tatemerem)
468 3889 553 3954 GU:
575 3896 748 3956 premerer.

223 4001 296 4055 sunt
317 3990 428 4062 verba)
459 3990 557 4055 Codd.
584 3992 631 4056 ed.
658 4010 704 4072 pr.
735 3996 766 4055 ct
793 3994 833 4054 F:
863 3992 950 4083 Quae
969 3993 1142 4075 subscripsi
1160 3990 1256 4057 cerie
1277 3993 1366 4072 lepis.

182 4110 266 4174 quern
288 4090 446 4151 lectionem
468 4090 589 4152 retinuit
610 4091 677 4156 Pol.
704 4093 774 4170 Ego
796 4092 925 4170 periisse
942 4092 1042 4154 iudico
1064 4103 1147 4168 erent,
1169 4093 1265 4176 quod,
1288 4110 1367 4154 exe-

183 4190 242 4251 reri
269 4188 388 4251 solitum
416 4189 590 4268 compendio
617 4193 664 4265 st,
697 4190 736 4251 ob
769 4191 882 4250 exitum
910 4193 939 4249 si
966 4193 1177 4271 praecedentis
1204 4192 1290 4253 verbi
1319 4199 1368 4254 est

181 4286 431 4370 praetermissum.
474 4289 620 4351 Servetur
647 4290 679 4349 in
705 4286 725 4347 J
752 4290 784 4347 et
810 4304 871 4349 reo.
898 4284 1051 4353 lectione:
1087 4292 1172 4382 Quae
1197 4293 1368 4373 subscripsi

183 4389 262 4450 doec
288 4393 359 4447 eunt
383 4382 480 4447 serie
505 4387 594 4467 lepis.
636 4385 683 4451 V:
715 4385 805 4475 Quod
828 4383 910 4445 sudo
954 4384 1027 4450 Sch.
1057 4394 1089 4452 et
1113 4388 1234 4453 Heium
1264 4391 1369 4480 Quare

181 4485 352 4569 srrdecripei
370 4482 466 4547 oeric
485 4483 574 4568 lepis.
