2978 4988
120 343 197 428 230
543 351 986 429 *inpenderemus

121 592 250 669 privatis
271 592 385 667 agitur,
409 592 495 651 extra
511 587 619 649 Urbem
642 589 671 649 in
693 591 777 666 agris
799 608 900 670 aquam
924 589 1056 649 illicitam
1079 591 1108 648 in
1125 608 1206 648 usum
1230 609 1314 650 sunm
1332 609 1407 651 con*

121 709 242 768 venero
266 707 463 767 studentibus.
509 703 582 766 Orta
603 704 695 765 lectio
725 709 847 787 aquarii
869 709 916 766 est
937 724 992 784 per
1014 705 1163 765 librarium
1187 707 1304 765 codicis
1325 705 1407 780 Vat,

121 841 177 902 pro
201 842 289 903 priam
312 826 334 882 ii
356 822 534 882 scribentem
557 823 639 902 aqna
663 824 699 899 ii;
722 823 819 899 unde,
842 823 921 902 quood
945 840 1004 881 non
1027 822 1152 892 mireris,
1177 823 1206 880 in
1229 822 1300 881 edd.
1324 824 1408 881 tran-

123 938 174 1000 siit
194 941 328 1019 aquarii.
371 936 587 997 Festinabimus
610 937 647 995 ad
670 936 794 1018 reliqua.
838 936 971 997 (lerndna
993 956 1061 998 esse
1084 938 1177 997 uerba
1198 941 1245 997 ins
1262 956 1409 1019 aquaram

123 1059 313 1136 impetratum
334 1051 476 1125 aalma·
493 1071 533 1112 ex
559 1051 626 1132 ipsa
647 1051 774 1112 l'ormula
801 1056 930 1112 constat.
973 1052 1049 1113 'l'um
1072 1052 1138 1113 Pol.
1164 1053 1256 1113 rerba
1278 1073 1364 1134 paam
1387 1056 1409 1112 ii

123 1174 176 1252 pai
197 1171 398 1231 demonstrare
421 1168 561 1245 ailiemat,
585 1169 614 1228 in
636 1169 1106 1248 praecedentibussupplendum
1130 1186 1197 1228 esse
1220 1178 1281 1228 tara
1304 1171 1326 1228 ii
1349 1172 1408 1249 qni.

123 1285 315 1348 Rectissime.
339 1284 460 1345 Deinde
483 1285 511 1344 in
534 1284 583 1361 iis,
607 1301 681 1365 quae
703 1288 828 1360 restant,
851 1286 906 1344 iam
931 1283 1057 1347 Corrad.
1080 1288 1112 1345 et
1133 1284 1206 1344 Sclr.
1224 1285 1406 1359 sentiebant,

124 1403 162 1463 ad
184 1402 362 1462 sententIam
382 1402 522 1482 plerique
543 1420 649 1461 tranans
670 1400 835 1461 attulerant
863 1402 1029 1461 desiderari
1051 1402 1082 1461 in
1105 1401 1301 1482 sequentibus
1323 1398 1407 1459 aliam

125 1519 302 1579 sententiam
333 1517 563 1596 participialiter
588 1516 800 1593 introductam3
830 1519 919 1596 atque
942 1517 1034 1577 totins
1062 1516 1123 1577 loci
1147 1534 1221 1576 nunc
1245 1535 1282 1576 ea
1311 1517 1408 1576 erasit

124 1633 258 1709 indoleS,
288 1635 320 1692 ut
341 1636 423 1693 recte
446 1651 500 1692 eos
523 1635 659 1693 sensisse
681 1633 820 1693 iudicem.
863 1631 958 1692 Porro
982 1652 1090 1721 cursus
1112 1633 1197 1692 trinum
1221 1632 1311 1691 codd.
1335 1651 1408 1692 aruc-

124 1750 247 1810 toritate
270 1749 389 1825 nititur,
424 1749 522 1830 quod,
552 1749 577 1808 si
602 1749 763 1823 genuinum
786 1749 850 1823 est,
880 1767 966 1827 rpuum
990 1766 1095 1808 cursus
1116 1766 1254 1828 aquarum
1277 1746 1408 1823 intelligi

125 1863 269 1941 debeant,
299 1867 365 1926 sine
388 1864 489 1923 addito
517 1882 666 1944 aquarum
691 1880 791 1941 parum
820 1864 972 1923 commode
1000 1862 1129 1941 poruitur.
1171 1863 1311 1944 Denique
1334 1864 1409 1923 inter

126 1981 199 2041 duas
220 1980 347 2058 plurases
378 1998 487 2040 cursus
508 1998 655 2061 aquaram
683 1981 713 2039 et
739 1982 788 2039 ins
809 1998 955 2060 aquarum
977 1978 1110 2039 lacunam
1138 1997 1208 2040 esso
1237 1980 1408 2057 contendo,

125 2097 336 2157 connIventem
358 2094 527 2171 librarium,
556 2098 681 2156 externa
701 2093 914 2155 vocabulorum
938 2095 1149 2172 similitudine,
1173 2100 1205 2155 ut
1226 2093 1273 2174 fit,
1297 2095 1409 2174 decep-

39 2217 43 2225 ”
124 2218 201 2290 tum,
231 2231 379 2273 acursus
399 2210 576 2271 transiliisse
599 2212 636 2271 ad
658 2215 707 2272 ius
728 2230 873 2292 aquarum
894 2211 1050 2290 mediaque
1073 2211 1227 2289 omisisse,
1258 2212 1344 2270 cuins
1367 2212 1409 2272 rei

125 2329 288 2406 vestigium
312 2329 341 2388 in
364 2331 497 2387 monstro
520 2347 556 2387 ns
578 2326 692 2388 codicis
716 2324 741 2388 C
764 2328 956 2403 remanserit3
978 2326 1151 2387 Frontinum
1178 2330 1274 2386 autem
1297 2346 1410 2387 mema-

124 2445 187 2506 riae
208 2443 367 2523 pedidisse
394 2445 589 2522 sententiam,
617 2444 714 2525 qualis
743 2448 791 2503 est
818 2441 913 2504 baec:
939 2442 1134 2523 per-latera
1160 2446 1277 2524 passim
1305 2463 1411 2504 cursus

124 2578 272 2644 aquarum
294 2562 324 2621 in
346 2579 430 2621 asam
450 2580 537 2620 suram
558 2568 743 2634 avertentes,
765 2568 827 2620 iam
848 2563 881 2637 ii,
904 2563 955 2640 ani
977 2562 1024 2618 ius
1046 2578 1192 2640 aquaram
1214 2563 1330 2638 impetn.
1354 2563 1410 2619 eta.

126 2674 284 2756 Superest,
307 2677 339 2736 ut
361 2676 398 2736 de
420 2676 582 2755 postremis
598 2674 659 2736 loci
681 2675 784 2735 vorbis
807 2677 911 2753 paucis
933 2674 1099 2734 absolvam.
1122 2674 1409 2761 lnquirebam,num

125 2791 196 2874 qnid
217 2793 347 2852 fortasse
370 2792 399 2852 in
423 2794 512 2852 codd.
534 2792 666 2853 lectione
690 2791 987 2872 quantulamcumque
1010 2790 1146 2870 beneficii
1167 2795 1344 2851 occasionis
1366 2791 1411 2851 la-

125 2910 220 2984 teret,
250 2906 415 2983 avulgata
438 2908 609 2969 diversum:
640 2906 695 2965 sed
718 2908 911 2984 corruptione
938 2909 1047 2967 tantum
1071 2905 1206 2966 laborare
1228 2907 1298 2967 mibi
1321 2909 1412 2968 vide-

124 3023 242 3085 bantur.
285 3022 361 3084 Post
382 3023 603 3104 enpupaandos
625 3025 720 3082 autem
743 3021 855 3081 inserui
878 3040 942 3096 eos,
965 3039 1008 3081 sc.
1032 3023 1154 3084 ductus:
1182 3026 1270 3104 atque
1295 3043 1412 3104 expap-

127 3159 201 3201 nare
218 3139 325 3201 dactus
348 3141 499 3221 exquisita
520 3139 632 3200 locutio
656 3141 714 3214 est,
738 3136 910 3214 significans
933 3140 997 3200 t'ere
1019 3138 1108 3215 idem,
1131 3139 1211 3218 quod
1233 3158 1325 3218 supra
1345 3159 1412 3200 aaa·

125 3257 315 3338 nusafferre
342 3254 500 3333 ductiles,
531 3273 636 3333 nempe
663 3253 829 3329 „ductibus
855 3253 945 3331 potiri
976 3256 1072 3335 iisque
1101 3273 1156 3332 pro
1188 3254 1281 3316 lubitu
1310 3275 1413 3317 ronanus

126 3371 273 3434 alierre.“

208 3486 446 3570 caprapnandos)
480 3504 525 3546 sc.
549 3487 666 3562 eluctus,
688 3487 708 3546 l.
731 3505 758 3546 e.
782 3486 1025 3565 corrumpendos.
1070 3485 1192 3572 Quintil.
1215 3485 1286 3547 ΧΠ.
1313 3493 1340 3565 l,
1363 3492 1413 3550 33.

127 3602 204 3665 Plin.
227 3602 265 3666 H.
287 3603 326 3664 N.
349 3607 400 3665 36.
422 3621 453 3680 p.
477 3605 548 3663 362.
591 3601 660 3667 Liu.
682 3601 739 3663 ix.
757 3607 814 3666 26:
837 3622 1014 3683 eapupnare
1037 3606 1242 3685 quaestiones,
1265 3621 1320 3685 pro
1344 3603 1414 3663 irri-

131 3725 177 3782 tas
199 3721 311 3796 lacere,
335 3723 486 3778 evertere.
508 3716 647 3782 lllllNR.
1410 3693 1412 3696 Α

211 3829 452 3914 contumacibus]
475 3833 568 3895 lidem
590 3835 659 3896 Art.
684 3840 741 3897 130
764 3844 995 3917 contemptores.

210 3952 424 4029 intentaretur)
448 3946 497 4014 Cl'.
521 3951 588 4015 nrt.
614 3955 686 4014 130:
708 3970 835 4032 poenam
858 3952 1023 4014 intendere.

742 4155 808 4215 129.

214 4304 249 4362 Τ.
275 4302 417 4390 Quintius
439 4305 615 4383 Crispinus]
647 4303 695 4383 quui
722 4321 786 4363 curun
810 4301 931 4363 Nerone
956 4300 1082 4363 Claudio
1107 4302 1206 4362 Druso
1230 4301 1416 4363 consulatum

117 4418 239 4496 'gessit
285 4419 419 4498 Onupbr.
441 4419 566 4480 l'anvin.
589 4421 624 4479 nd
648 4440 676 4479 a.
699 4416 737 4479 U.
761 4423 832 4480 745.

138 4571 141 4578 -
210 4536 494 4616 paparium-scieil]
531 4535 682 4612 Legitima
704 4536 797 4596 rerba
830 4536 917 4610 suunt,
947 4551 1021 4613 quoae
1051 4534 1135 4596 initio
1165 4534 1307 4616 mnusque
1336 4535 1419 4611 legis
