2978 4988
97 371 149 450 22
541 365 952 448 nnoernus

195 604 319 681 Iuliam
353 602 563 696 deduxerat,
605 602 793 701 Virginem
828 623 967 699 quoque
1005 601 1040 674 in
1075 624 1165 700 agro
1192 600 1391 676 Lucullano

199 721 381 795 collectam
407 721 558 795 Romam
585 718 758 818 perduxit.
807 717 920 814 Dies,
958 741 1027 814 quo
1053 718 1202 815 primum
1227 719 1262 791 in
1288 718 1391 795 Urbe

197 835 428 934 responderit,
462 836 511 911 V.
545 833 632 910 Idus
665 835 787 912 Iunias
821 833 1007 907 invenitur.
1065 835 1183 931 Virgo
1215 832 1388 931 appellata

200 962 274 1049 cst,
303 951 396 1050 quod
422 952 671 1049 quaerentibus
697 974 823 1047 aquam
848 948 1013 1024 militibus
1039 949 1156 1047 puella
1180 949 1391 1045 virguncula

199 1092 311 1144 venas
350 1066 520 1165 quasdam
558 1068 784 1140 monstravit:
825 1088 914 1162 quas
955 1065 1080 1160 secuti,
1116 1065 1174 1162 qui
1209 1062 1388 1162 foderant,

199 1184 377 1281 ingentem
403 1206 517 1279 aquae
540 1181 681 1256 modum
701 1184 920 1256 invenerunt.
957 1180 1135 1256 Aedieula
1162 1181 1247 1253 fonti
1274 1205 1389 1279 appo·

199 1298 267 1371 sita
293 1298 382 1373 hano
409 1299 580 1396 originem
605 1299 740 1396 pictura
767 1296 928 1370 ostendit.
981 1293 1190 1395 (loncipitur
1216 1319 1305 1394 ergo
1331 1297 1391 1370 via

199 1412 372 1509 Collatia,
413 1413 457 1487 ad
481 1414 663 1487 milliarum
688 1412 803 1508 vul,
843 1413 1059 1510 palustribus
1084 1412 1184 1485 locis.
1236 1410 1390 1510 Signino

201 1531 438 1624 circumiecto,
468 1529 752 1604 continendarum
778 1529 1031 1625 scaturiginum
1057 1552 1178 1624 eausa,
1207 1528 1394 1602 adiuvatur

202 1655 237 1719 et
269 1645 507 1743 compluribus
539 1646 616 1719 aliis
643 1644 942 1740 acquisitionibus.
993 1644 1104 1717 Venit
1134 1669 1199 1742 per·
1230 1644 1390 1742 longitu-

200 1759 315 1835 dinem
340 1785 510 1860 passuum
525 1739 646 1834 ΪῙῨ.
675 1757 768 1836 CV:
798 1784 913 1846 exeo
940 1759 1016 1832 rivo
1045 1761 1276 1833 subterraneo
1302 1784 1391 1858 pas·

202 1900 306 1949 suum
357 1862 729 1969 xllTDcocluxv3
794 1899 903 1972 supra
964 1884 1093 1948 terram
1142 1901 1208 1973 per
1257 1899 1392 1974 passus

201 1989 410 2068 MGGXL:
439 2018 484 2066 ex
511 2018 553 2068 eo
568 1992 830 2067 substructione
855 1992 1010 2064 rivorum
1036 1991 1125 2063 locis
1153 1992 1392 2089 compluribus

201 2130 372 2204 passuum
388 2107 520 2201 DXL3
548 2133 655 2206 opere
682 2119 824 2181 arcuato
839 2131 1008 2205 passuum
1025 2104 1157 2184 DCC:
1185 2108 1392 2205 acquisitio·

203 2246 286 2296 num
320 2221 446 2297 ductus
479 2225 545 2298 rivi
576 2225 796 2298 subterranei
827 2222 980 2298 efficiunt
1006 2248 1138 2322 passus
1151 2221 1391 2302 MGGGOV.

109 2421 378 2442 m

258 2560 402 2638 oripincm
421 2557 562 2641 pictura)
592 2558 638 2620 lta
659 2556 684 2621 G
706 2555 744 2637 U3
777 2575 900 2640 quorum
923 2555 1009 2617 iidem
1031 2575 1096 2617 cum
1117 2555 1185 2619 ror.
1208 2557 1390 2638 sequendam

205 2671 275 2715 csse
297 2654 381 2735 duxl,
405 2658 547 2741 quidquid
567 2658 732 2719 reluctatur
752 2652 826 2718 Solu.
847 2656 889 2717 V.
911 2658 940 2718 i.
960 2654 1081 2717 VFO:
1102 2659 1248 2736 cirpiaem
1266 2660 1391 2739 pictam.

205 2752 224 2813 J
246 2755 277 2815 ct
296 2768 363 2815 rec:
384 2758 529 2834 cirpinem
547 2759 680 2837 pictura.

255 2850 435 2933 Concipitur
455 2850 545 2934 erpa)
578 2872 666 2933 erpa,
696 2856 728 2914 ut
748 2855 820 2932 post
840 2850 1053 2932 parenthesin,
1080 2854 1298 2917 redordieudae
1319 2872 1391 2916 ora-

206 2949 293 3013 tioni.
314 2950 453 3012 lllllNll.
496 2951 571 3014 Sub.
594 2953 721 3028 corrigit
743 2954 922 3035 Concipitur
954 2950 1057 3032 Virpa.
1098 2953 1193 3017 Bene.

254 3048 379 3128 Siqnino
403 3055 524 3115 circum.
546 3055 621 3126 otc.)
646 3050 688 3114 C:
712 3052 917 3125 circumiecta,
939 3049 981 3115 U:
1002 3057 1083 3131 siqui
1104 3053 1302 3117 circumlato.
1343 3053 1391 3116 V:

205 3149 243 3213 Si
263 3152 357 3231 ipitur
377 3150 579 3214 circumlecta.
604 3152 644 3213 F:
665 3150 720 3212 Sic
741 3153 833 3230 ipitur
854 3152 1059 3215 circumlecta.
1088 3151 1392 3215 Totusautenrlocus

206 3247 312 3313 aPol.
333 3249 379 3311 sic
402 3249 583 3311 constitutus
606 3255 668 3313 est:
691 3251 791 3328 loeis,·
811 3253 870 3330 sip.
893 3255 1095 3330 circumiecto,
1117 3259 1196 3313 cont.
1218 3269 1262 3314 so.
1285 3272 1390 3333 canusa,

206 3349 392 3414 adiuvatur:
413 3356 444 3410 ct
463 3350 687 3431 cumpluribus
708 3349 751 3413 al.
773 3368 842 3432 aeq.
867 3354 951 3412 uenit
972 3369 1030 3431 per
1057 3348 1139 3428 lonp.
1182 3349 1264 3411 Libri
1287 3351 1392 3414 admo-

207 3449 274 3510 ulum
295 3450 422 3511 variant.
456 3444 500 3510 C:
522 3446 611 3513 lacis.
632 3453 690 3530 sip.
712 3452 787 3510 circ.
809 3457 889 3513 cont.
910 3468 954 3511 sc.
977 3466 1082 3510 eausa.
1110 3447 1284 3514 adiuvatur.
1307 3470 1392 3512 com-

205 3546 345 3629 pluribus
367 3547 450 3619 (ror.
472 3550 566 3612 refert
586 3557 617 3610 et
637 3552 750 3628 camp.)
773 3547 816 3609 al.
838 3543 1107 3632 acquisitionibus!
1130 3552 1213 3609 veuit
1229 3568 1288 3629 per
1309 3550 1392 3631 lona.

205 3642 252 3706 U:
273 3645 362 3710 loeis.
383 3651 442 3727 sip.
463 3682 503 3693 -
525 3666 632 3710 causa.
658 3646 835 3710 Adiuvatur
862 3667 902 3708 ca
929 3647 1040 3729 compl.
1066 3646 1109 3708 al.
1131 3665 1200 3729 aeq.
1228 3650 1313 3707 ocait
1332 3653 1392 3712 otc.

205 3744 252 3806 V:
274 3744 363 3807 lucis.
404 3747 441 3808 Si
466 3751 558 3828 ipitur
578 3781 618 3791 —
640 3766 736 3809 eausa
761 3747 868 3809 audiui
898 3765 983 3808 uera.
1031 3746 1084 3807 Eu
1112 3745 1221 3828 compl.
1249 3746 1292 3808 al.
1322 3767 1392 3831 aeq.

206 3847 297 3907 cauit.
338 3843 377 3906 F:
413 3844 502 3910 lueis.
527 3846 583 3909 Sic
604 3882 643 3891 -
665 3866 760 3909 eausa
781 3847 934 3908 adiunctis
954 3864 993 3905 ca
1014 3863 1111 3927 comp.
1152 3845 1172 3906 J
1199 3849 1230 3908 ct
1255 3860 1324 3907 rec:
1350 3880 1392 3889 -

206 3962 310 4006 causa.
331 3943 505 4006 Aelius-atus
526 3967 565 4009 ex
586 3947 697 4029 compl.
738 3946 831 4010 Alios
859 3942 964 4019 legere
985 3943 1149 4006 Adiunctis
1169 3964 1208 4006 cu
1229 3963 1326 4026 camp.
1348 3947 1392 4010 al.

204 4043 286 4104 loeis
305 4062 373 4126 aeq.
397 4047 521 4106 annotat
542 4043 659 4125 0psop.
683 4044 808 4110 carrad.
830 4042 922 4117 legit:
965 4041 1091 4120 Sipaiao
1114 4077 1153 4086 —
1183 4061 1302 4119 causa,·
1329 4045 1391 4106 ad-

205 4145 328 4204 iuvatur
353 4152 385 4205 et
411 4145 449 4215 (i.
472 4161 500 4208 e.
523 4147 627 4220 eliam)
654 4164 752 4227 corrup.
779 4142 822 4203 al.
845 4158 912 4222 aeq.
939 4138 1027 4202 Venit
1044 4162 1078 4223 p.
1120 4139 1201 4203 Sobt
1222 4174 1263 4186 -
1285 4162 1392 4207 causa.

204 4239 323 4326 Adiuta
343 4241 383 4303 ab
404 4244 544 4322 Aupusta
565 4253 596 4304 et
616 4262 713 4324 camp.
736 4241 779 4302 ul.
801 4257 869 4321 aeq.
891 4243 982 4302 uenit.
1005 4240 1054 4304 Cf.
1076 4242 1205 4302 alrrnott.

255 4323 350 4413 Xllss)
393 4341 412 4402 J
433 4346 464 4405 ot
485 4357 553 4405 rec:
576 4343 630 4405 XI
649 4342 783 4403 millium.

253 4438 431 4512 mucxb)
472 4441 503 4502 V
524 4442 563 4503 F:
589 4459 752 4524 passuum,
780 4435 954 4499 MCGXL.
981 4456 1020 4497 ee
1045 4455 1139 4518 opere
1164 4438 1260 4502 subsc.
1287 4439 1393 4522 liqna

202 4538 335 4600 lectione
357 4537 487 4603 libenter
506 4542 689 4622 recepissem
709 4555 868 4621 passuum,
893 4536 952 4598 nisi
974 4537 1062 4598 ctiam
1084 4537 1158 4621 Art¹
1169 4542 1216 4621 ,14
1242 4540 1393 4603 diceretur
