2978 4988
490 301 495 307 ·
565 278 889 357 PRAEFATIO.
1287 278 1370 355 vn

84 543 130 592 eo
164 540 254 591 usus
292 525 350 591 est
372 504 426 588 ‘ad
450 515 608 589 Frentini
633 515 758 589 librum
783 511 1008 612 vulgandum.
1059 510 1178 604 Quem
1210 510 1370 589 codicem

84 674 192 749 quum
204 648 441 744 MabillcniuS,
470 647 652 722 deficiente
677 648 765 722 libra
793 647 897 743 edito,
926 644 1086 721 conterre
1099 670 1168 719 ncu
1182 622 1371 743 nemisia,
1405 700 1409 707 -

86 787 262 880 integrum
295 779 566 855 describendum
603 781 739 854 curavit
763 803 827 877 per
850 779 1043 853 Erasmum
1068 803 1088 852 a
1115 776 1261 877 Caieta,
1289 744 1471 911 siud*

85 915 249 989 abbatem
273 913 466 997 Erasmum
483 910 689 987 Gattciam:
718 923 756 984 ut
780 913 859 1009 ipse
884 910 1110 985 Mabillcnius
1137 910 1244 984 resert
1268 912 1315 985 ¹1¹.
1340 900 1402 993 1,

83 1047 207 1121 Musei
231 1045 343 1119 Italici
368 1072 402 1142 p.
427 1042 513 1117 1⁶23.
564 1042 623 1122 Os.
660 1044 800 1118 Fabric.
836 1044 927 1117 Bibl.
962 1042 1043 1116 Lat.
1080 1043 1134 1117 ed.
1172 1043 1370 1143 Hamburg.

84 1176 215 1255 votl.
232 1175 365 1276 ndbss.
410 1174 586 1254 Scribitru·
612 1187 647 1250 et
671 1175 987 1254 Cassinensis
1014 1185 1049 1248 et
1074 1173 1370 1253 Oasinensis.

85 1309 373 1388 Oasiuensis
409 1309 483 1383 sere
522 1309 698 1404 scribunt,
738 1310 796 1404 qui
829 1320 989 1381 veterum
1022 1308 1234 1406 scriptarum
1265 1332 1373 1383 usum

86 1442 360 1541 amplectuutur,
395 1441 489 1540 apud
514 1464 604 1538 quos
629 1442 791 1538 legerunt
816 1438 1037 1517 Casinum
1069 1441 1123 1539 [i.
1148 1465 1180 1517 e.
1205 1440 1373 1540 oppidum

88 1576 308 1650 Volscorum
342 1575 377 1648 in
411 1575 516 1649 Latio
551 1573 596 1648 ad
628 1573 767 1647 radices
802 1574 950 1668 montis,
991 1574 1048 1646 cui
1081 1572 1256 1671 quondam
1289 1596 1370 1677 ca-

86 1720 232 1782 strum
265 1705 484 1785 Casinum
522 1705 705 1802 namen),
748 1704 949 1784 Casinas
989 1729 1124 1804 ager,
1164 1704 1372 1784 Casinas

86 1839 269 1917 fundus.
294 1865 329 1912 v.
356 1837 490 1917 Celtas
522 1837 660 1938 Geogr.
685 1839 734 1913 II.
759 1838 794 1913 9.
832 1865 865 1938 p.
891 1836 976 1913 523.
1027 1836 1235 1938 cantabrig.
1260 1834 1372 1915 lm

86 1972 278 2051 Forceltiu.
303 1972 339 2045 in
361 1993 398 2046 v.
422 1971 567 2070 Duplici
592 1996 678 2046 vern
704 1973 816 2045 littera
841 1972 1005 2046 sibillanti
1020 1972 1222 2048 scribebant
1241 1994 1377 2057 recen-s

86 2108 211 2203 tiores,
239 2105 356 2203 magis
383 2103 428 2178 ad
452 2128 580 2179 recens
604 2105 752 2200 montis,
781 2127 884 2201 quem
909 2104 1014 2179 modo
1040 2104 1211 2202 diximus,
1244 2122 1374 2180 nomeu

87 2240 245 2315 Monte
284 2234 491 2314 cassino
529 2239 771 2336 respicientes,
833 2237 1063 2335 Descriptum
1104 2237 1372 2336 diligentissime
1447 2332 1450 2337 Ι

91 2370 222 2445 codicis
256 2370 349 2443 illius
381 2370 579 2469 exemplum
606 2371 649 2444 ab
676 2370 801 2445 eodem
826 2370 953 2444 abbate
980 2367 1123 2445 Guttcla
1154 2380 1283 2445 nactus
1315 2379 1374 2445 est

92 2504 193 2576 etiam
217 2502 397 2599 Polenus,
430 2503 668 2587 intercedente
693 2503 770 2576 viru
806 2526 943 2576 summo
969 2503 1021 2576 Ic.
1047 2502 1164 2576 Maria
1187 2502 1375 2577 [tamisio.-

87 2636 148 2712 Dc
174 2658 244 2734 quc
271 2636 325 2709 sic
350 2637 467 2734 pergit
492 2660 655 2710 enarrare
679 2636 837 2710 Polenus
863 2637 1009 2734 Proteg.
1035 2662 1070 2735 p.
1096 2634 1156 2710 19.
1198 2635 1304 2729 „Pro
1327 2658 1374 2711 ea

87 2793 196 2864 vere,
237 2793 305 2867 qua
330 2768 508 2867 praeditus
536 2782 592 2844 est
617 2770 729 2844 abbas
755 2769 812 2842 ille
839 2769 1067 2866 humanitate,
1106 2769 1188 2843 mibi
1223 2767 1374 2866 dentque

88 2902 262 3001 praestitit
291 2925 428 2975 summe
461 2901 577 2976 studio
609 2926 849 2999 quaecumque
879 2926 960 2975 sum
993 2903 1038 2975 ab
1077 2926 1120 2976 ec
1158 2902 1375 2977 sciscitatum

88 3037 186 3109 Inter
211 3033 298 3108 haec
323 3033 407 3107 illud
432 3036 466 3108 in
491 3037 612 3134 primis
639 3036 938 3132 commemorabo,
970 3059 1046 3131 me,
1081 3046 1268 3133 postquam
1292 3054 1375 3121 (tarr-¹·¹

89 3170 146 3242 nia
172 3166 425 3246 Commentarii
450 3168 497 3265 (i.
523 3192 555 3241 e.
580 3169 739 3242 Frentini
765 3168 809 3242 de
834 3167 1001 3265 Aquaed.
1026 3168 1128 3264 libri)
1155 3168 1233 3243 loca
1248 3178 1321 3241 tum
1337 3168 1373 3243 in

89 3299 252 3379 codicum
285 3272 457 3399 exemplis
489 3309 563 3374 tum
600 3302 634 3374 in
660 3301 762 3375 editis
788 3302 887 3376 libris
914 3300 1173 3399 expenderem,
1214 3300 1259 3375 ad
1291 3290 1374 3376 ebur

88 3435 235 3509 misisse
268 3433 408 3532 singula
447 3435 558 3509 verba
592 3434 705 3532 ipsius
744 3432 1015 3531 Commentarii,
1055 3456 1147 3537 quae
1179 3432 1375 3509 difficiliora

89 3590 176 3641 esse
201 3565 428 3658 videbantur3
464 3590 543 3640 eum
576 3590 663 3640 vero
697 3569 776 3665 ipsa
800 3568 911 3643 verba
936 3570 971 3641 in
998 3566 1224 3646 cassinensi·
1237 3567 1372 3663 codice,

88 3698 256 3774 ductuum
289 3700 481 3774 litterarum
517 3701 650 3773 ratione
677 3699 802 3774 sedule
829 3700 962 3798 habita,
1001 3714 1094 3775 tanta
1134 3726 1218 3777 cura
1251 3704 1377 3777 iterun

88 3832 336 3929 examinasse,
375 3844 415 3907 ut
453 3834 486 3907 si
517 3835 607 3908 meis
633 3834 722 3932 ipsis
750 3835 862 3908 oculis
889 3835 924 3907 id
950 3836 1136 3931 iecissem,
1176 3830 1401 3909 tantundem

89 3966 331 4063 nequivissem
357 3990 514 4064 sperare.
528 3970 546 4005 “
598 3967 684 4064 Ipse
710 3977 826 4040 autem
854 3965 996 4043 Gattcla
1023 3968 1068 4042 ad
1084 3970 1259 4043 Pelenum
1284 3964 1379 4043 dedit

91 4098 286 4196 epistolam,
314 4099 349 4171 in
376 4123 443 4196 qua
468 4099 557 4175 baec
581 4101 691 4175 verba
717 4100 892 4198 legumen.
934 4162 950 4195 ‚,
965 4103 1073 4176 Nulla
1100 4102 1135 4176 in
1163 4102 1285 4209 codice
1306 4118 1379 4177 vex

89 4231 241 4330 insignis
274 4232 423 4306 alicuius
457 4234 509 4308 rei
542 4234 655 4308 littera
682 4235 876 4309 maiuscula
904 4239 1035 4334 scripta
1063 4249 1134 4333 est,
1176 4247 1281 4332 atque
1319 4236 1381 4312 ubi

89 4365 253 4463 virgulae
278 4388 364 4453 esse
388 4364 574 4462 deberent,
602 4379 729 4466 puncta
755 4392 896 4467 semper
923 4369 1092 4461 adhibita3
1121 4372 1167 4443 ita
1192 4384 1231 4443 ut
1250 4370 1381 4443 nulium
1408 4434 1413 4442 .

90 4498 139 4572 sit
162 4498 252 4574 inter
278 4510 405 4598 purrcta
432 4499 546 4575 finalia
573 4511 608 4574 et
632 4502 791 4601 virgulas
830 4502 1035 4577 discrimen:
1076 4502 1225 4579 initiales
1264 4513 1380 4579 tamen
