2978 4988
573 359 991 461 ruourruusr

233 639 314 688 cum
340 612 385 686 ad
410 623 517 711 caput
541 612 733 687 invenerim
767 612 942 708 quinarias
967 595 1209 689 WDOVH:
1248 613 1411 713 amplius,

232 754 336 828 quam
362 730 395 804 in
424 729 692 824 commentariis,
720 725 957 805 Muccuu.
1006 729 1116 808 Adeo
1149 739 1267 803 autem
1291 740 1414 805 nostra

234 847 362 920 certior
388 853 444 919 est
468 867 659 939 mensura,
698 854 736 916 ut
773 842 818 918 ad
842 842 920 918 Vll
959 844 1003 920 ab
1028 845 1128 924 Urbe
1159 844 1389 921 milliarium
1378 872 1414 920 m

235 963 393 1094 piscina,
443 957 504 1032 ubi
552 957 720 1032 indubitat
672 970 764 1034 tatae
801 983 988 1035 mensurae
1040 973 1146 1055 sunt,
1194 964 1413 1037 inveniamus

234 1078 409 1175 quinarias
448 1076 516 1152 ΙΙΙ
519 1072 715 1152 CCCXH:
767 1074 872 1173 plus,
920 1100 1024 1174 quam
1060 1082 1096 1150 in
1141 1080 1411 1171 commentariis,

233 1192 497 1285 Ceceuvu:
526 1191 687 1287 quamvis
713 1202 751 1264 et
776 1213 822 1266 ex
845 1191 1028 1266 benefieiis
1042 1193 1307 1291 antepisoinam
1328 1219 1413 1269 ero-

232 1319 314 1407 get,
341 1319 376 1380 et
402 1308 584 1406 plmimurn
609 1304 767 1380 subtrahi
793 1305 1136 1405 deprehenderimus,
1170 1306 1320 1408 ideoque
1344 1311 1413 1385 mi-

234 1449 302 1500 nus
337 1423 554 1520 inveniatur,
593 1444 697 1519 quarn
735 1445 775 1496 re
813 1422 900 1497 tera
938 1447 1023 1498 esse
1057 1421 1206 1519 debeat,
1246 1425 1413 1522 quinariis

232 1537 476 1619 MOOXOV.
539 1535 649 1616 Circa
687 1539 928 1635 erogationem
966 1549 1083 1614 autem
1121 1540 1218 1614 iraus
1256 1526 1411 1639 apparet,
1467 1601 1472 1610 .

235 1681 325 1756 quae
363 1679 477 1752 neque
511 1652 557 1730 ad
595 1655 920 1729 commentariorum
953 1653 1082 1750 fidem,
1120 1677 1235 1753 neque
1266 1655 1311 1729 ad
1336 1680 1412 1750 eas,

235 1797 324 1871 quas
351 1771 396 1844 ad
422 1781 527 1868 caput
552 1771 704 1868 egimuS,
740 1793 944 1865 mensuraS,
973 1795 1088 1867 neque
1114 1770 1159 1845 ad
1183 1772 1262 1849 illes
1289 1775 1412 1849 saltem

234 1891 279 1964 ad
304 1889 498 1985 piscinam,
539 1886 674 1960 seilicet
711 1898 795 1982 post
820 1897 871 1959 tot
896 1887 1050 1982 iniuriaS,
1078 1889 1251 1964 convenit.
1301 1887 1413 1966 Solae

98 2025 105 2035 ·
234 1992 329 2079 enim
356 2004 534 2098 quinariae
558 2000 746 2081 MDOGL
773 2015 981 2098 erogantur:
1021 2005 1148 2100 minuo,
1183 2027 1287 2102 quam
1312 2030 1413 2082 cum—

233 2120 481 2194 montanianum
519 2119 605 2191 ratio
645 2117 722 2214 dat,
759 2120 925 2215 quinariis
952 2116 1088 2212 utem
1128 2124 1243 2196 minus
1285 2133 1412 2213 autem,

236 2259 363 2350 qnam
364 2257 554 2308 mensurae
580 2233 625 2307 ad
650 2245 757 2366 caput
742 2233 896 2308 tlactae
921 2233 1260 2330 demonstraverunt,
1286 2243 1414 2334 quina-

157 2382 158 2385 *
234 2356 340 2429 riisl
315 2332 646 2444 ΙΙὟΒΟΟΟΙΝΙΙ
673 2352 788 2425 minus
815 2355 930 2445 etiam,
958 2375 1061 2448 quem
1087 2356 1123 2428 iu
1148 2352 1284 2450 piscine
1311 2354 1415 2431 inve.-

139 2561 365 2579 ιιι-...υπη-

230 2636 330 2732 ιιίιῖι,
352 2673 466 2716 manum
479 2651 612 2716 Frontini
628 2655 701 2730 puto
715 2651 810 2714 inisse
829 2655 983 2734 piscinam
996 2651 1136 2730 sciliceta
1157 2655 1190 2718 ei
1215 2671 1304 2736 quam
1325 2655 1415 2717 utu-

231 2763 280 2817 cet
309 2753 359 2813 hic
388 2751 497 2814 eximia
525 2751 558 2812 ri
579 2751 745 2830 praeditum
766 2751 829 2828 sit,
866 2767 884 2810 a
913 2768 959 2812 me
991 2751 1150 2831 impetrare
1176 2769 1238 2816 uua
1264 2756 1413 2832 poteram,

230 2854 300 2933 quio
322 2851 409 2914 aliter
430 2849 576 2911 edendum
598 2866 740 2910 curarem.

269 2954 416 3022 intortos]
439 2945 509 3013 GU
530 2946 641 3010 addunt
661 2957 742 3024 auat,
764 2946 870 3010 nescio
891 2964 948 3029 qna
966 2898 1217 3014 reuelatrmaru

268 3042 508 3127 MDCCLJU:
529 3045 671 3110 MDCL.
693 3044 783 3107 VF.
805 3045 890 3108 MD.

267 3145 588 3228 mensurae-sactae]
573 3143 683 3217 osu.
706 3148 738 3208 et
758 3142 869 3207 Helnr:
892 3155 1022 3211 aerae,
1036 3144 1101 3211 sat
1119 3142 1416 3228 summam

227 3248 357 3325 legimus
380 3248 467 3308 etium
491 3242 580 3308 ovid.
601 3244 643 3308 A.
664 3245 734 3306 Aru.
755 3241 810 3306 lll-
832 3248 903 3309 26⁵.

266 3349 433 3418 invenitur)
456 3344 485 3408 V
507 3346 538 3406 et
558 3344 633 3406 edd:
656 3348 776 3408 invenit.

267 3446 418 3529 Ideoque)
441 3445 472 3509 V
492 3446 525 3506 ct
545 3443 621 3504 edd:
642 3443 758 3523 Itaque.

267 3545 364 3618 adeo)
387 3546 476 3608 deest
496 3545 527 3605 in
548 3543 577 3604 V
598 3543 621 3606 F
642 3542 713 3605 JB.

268 3665 317 3718 eu,
339 3659 417 3720 quoa
437 3642 578 3726 supersi.)
621 3642 670 3704 llx
690 3641 709 3702 J
730 3646 765 3705 ct.
782 3660 844 3726 rec.
864 3643 938 3706 Pol:
965 3662 1015 3723 ea,
1038 3659 1133 3724 quae,
1160 3644 1228 3708 scil.
1253 3647 1415 3728 quinariae.

227 3742 268 3804 ut
288 3741 393 3804 Heinr.
417 3744 446 3804 in
469 3760 535 3824 seq.
557 3743 645 3805 etiam
668 3741 795 3817 corrigit
813 3746 973 3825 propriae.
1017 3743 1061 3806 At
1085 3744 1115 3806 lu
1144 3744 1239 3807 tribus
1271 3744 1363 3807 codd.
1387 3751 1417 3806 et

227 3841 250 3902 F
272 3842 363 3902 video
386 3861 424 3903 ea
446 3857 533 3918 quoe.
574 3839 607 3901 ln
634 3841 803 3902 uuiversum
826 3861 928 3924 aquam
950 3842 1178 3921 superfluentem
1200 3843 1332 3921 intelligi
1354 3843 1419 3904 rult

230 3941 401 4016 Frontinum
424 3939 560 4022 idemque
582 3956 680 4016 genus
701 3944 834 4002 neutrum
856 3942 893 4002 ad
907 3931 1220 4022 cupiunturpertinet.
1267 3935 1271 3944 ’

271 4056 359 4117 qoam
380 4042 530 4101 incentum
550 4038 734 4110 adiecimus)
777 4038 843 4103 Pol.
871 4057 910 4100 ex
938 4041 1125 4106 correctione
1154 4040 1237 4104 dedit
1269 4056 1347 4120 quaa
1368 4049 1417 4104 in-

230 4137 521 4213 ventu-adiicitur,
543 4135 791 4216 applaudentibus
812 4138 1045 4217 posterioribus,
1067 4139 1098 4200 in
1117 4137 1165 4200 bis
1186 4137 1259 4202 sur.
1302 4139 1363 4202 Sed
1388 4144 1417 4202 in

230 4237 314 4299 libris
336 4237 458 4315 seriptis
480 4237 629 4318 editisque
651 4256 728 4318 quos
750 4239 822 4298 novi
844 4237 980 4299 omnibus
997 4236 1109 4316 legitur
1124 4238 1302 4302 adiecimus.
1322 4239 1417 4300 Porro

232 4339 263 4397 in
285 4335 311 4400 C
332 4334 441 4399 video:
464 4351 522 4414 que
542 4330 662 4399 iuventa
683 4341 695 4397 i
714 4336 823 4398 Mare.
846 4333 931 4397 Unde
954 4353 1067 4398 uranum
1089 4337 1224 4400 Frontini
1245 4339 1418 4400 restituisse

231 4439 379 4514 putamus.
421 4431 513 4496 Unum
536 4435 654 4512 dubito,
681 4436 800 4498 scilieet
827 4434 995 4496 Frontinum
1024 4436 1136 4517 fuisse,
1173 4437 1223 4521 qui
1248 4435 1418 4516 Augustam

236 4531 380 4595 Claudiae
402 4534 562 4616 adiecerit,
585 4537 760 4611 argumenta
781 4536 863 4596 cerlo
878 4551 924 4595 me
947 4534 1122 4600 destituunt.
