2978 4950
577 277 983 359 nRONrINUS

227 512 412 609 cujusque,
438 511 727 609 modulorumque
742 511 912 589 rationem
937 520 973 584 et
998 533 1088 608 quae
1113 509 1341 608 erogationes
1366 511 1414 590 ab

226 627 295 712 illis
322 627 436 700 laetae
463 629 531 700 sint
538 653 547 719 3
575 637 739 723 quantum
758 636 858 701 extra
871 626 1017 723 Urbem,
1045 634 1209 723 quantum
1233 627 1322 704 iutra
1336 627 1413 706 Ur-

226 742 307 824 bem
339 743 526 838 unicuiqoe
558 743 695 840 regioni
727 767 792 840 pro
818 766 885 820 suo
910 741 1014 816 modo
1041 766 1273 840 unaquaeque
1297 767 1412 841 aqua·

224 882 302 943 runr
329 859 481 950 serviat3
517 869 601 955 quot
627 858 775 933 castella
799 857 939 958 publica
964 859 1170 956 privataque
1195 859 1276 956 sint,
1304 867 1414 934 etex

224 971 281 1058 bis
312 982 474 1069 quantum
507 975 658 1071 publicis
693 974 871 1073 operibuar,
915 982 1078 1071 quantum
1111 974 1327 1072 manerbum,
1361 1015 1415 1031 -

224 1089 272 1173 ita
299 1089 389 1169 enim
415 1089 582 1173 cultiores
615 1091 788 1188 appellant
830 1145 873 1186 -a,
915 1098 1080 1188 quantum
1104 1089 1253 1187 lacibus,
1298 1113 1414 1188 quan-

223 1213 296 1286 tum
322 1205 460 1285 nomine
487 1203 673 1302 Caesarie,
701 1217 866 1303 quantum
891 1208 1106 1305 privatorum
1131 1206 1213 1280 usui
1237 1205 1415 1281 beneficio

224 1317 402 1428 Principis
428 1319 548 1413 detur3
589 1322 683 1418 quod
714 1324 771 1406 ius
804 1321 1041 1403 ducendarum
1065 1321 1342 1419 tuendarumque
1366 1322 1416 1399 sit

226 1458 366 1525 earum3
407 1459 497 1534 quae
531 1437 567 1510 id
600 1438 759 1512 sanciant
791 1463 939 1537 poenae,
979 1463 1025 1512 ex
1056 1439 1211 1537 legibue,
1250 1431 1414 1518 Senatus

226 1551 398 1635 consultis
425 1562 459 1627 et
482 1553 654 1641 mandatis
679 1555 884 1653 Principum
907 1556 1097 1652 irrogatae.

176 1663 201 1746 4
324 1665 388 1752 Ab
423 1667 523 1771 Urbe
563 1670 701 1744 condita
739 1696 803 1769 per
836 1695 947 1744 annos
986 1668 1228 1753 ccccxln
1261 1670 1416 1760 contenti

226 1779 365 1853 luerunt
398 1782 551 1871 Romani
584 1810 655 1867 usu
687 1811 867 1883 aquarum,
910 1810 1000 1885 quas
1032 1796 1094 1869 aut
1125 1811 1172 1861 ex
1197 1784 1321 1862 'l’iberi
1353 1795 1417 1859 aut

227 1918 273 1968 ex
305 1898 421 1994 puteis
455 1912 515 1981 aut
540 1925 586 1975 ex
611 1902 764 1979 fontibus
790 1902 1003 1978 hauriebant.
1054 1902 1220 1985 rontium
1244 1901 1416 1983 memoria

226 2034 307 2096 curn
333 2016 516 2093 sanctitate
542 2016 655 2097 adbuc
681 2029 797 2099 exstat
823 2030 857 2092 et
883 2019 1023 2095 colitur:
1057 2019 1297 2097 salubritatem
1322 2017 1416 2094 enim

227 2127 349 2224 aegris
388 2133 595 2235 corporibus
623 2135 748 2221 afferre
775 2134 985 2231 creduntur,
1027 2136 1120 2208 sicut
1152 2132 1416 2216 camoenarum

229 2252 265 2317 et
289 2243 469 2343 Apollinis
497 2260 532 2324 et
551 2252 735 2336 Juturnae.
785 2253 893 2333 Nunc
914 2261 1030 2331 autern
1051 2254 1085 2325 in
1098 2250 1234 2328 Urbem
1246 2248 1413 2329 influunt:

226 2382 318 2455 aqua
342 2361 475 2462 Appia,
501 2365 599 2444 Anio
626 2367 756 2465 VetuS,
784 2368 932 2463 Mareia,
968 2367 1116 2468 ylepida,
1144 2366 1252 2462 Julia,
1278 2365 1412 2463 Virgo,

225 2473 415 2577 Alsietina,
459 2505 550 2579 quae
576 2483 698 2571 eadem
724 2495 872 2568 vocatur
896 2484 1080 2582 Augusta,
1115 2480 1279 2578 claudia,
1313 2480 1414 2564 Anio

177 2589 378 2800 bgglulll
404 2711 552 2787 Valerio
577 2716 748 2810 Maximo,
784 2715 828 2788 P.
862 2715 978 2787 Decio
1012 2715 1118 2788 Mure
1152 2713 1277 2812 Cosa,
1318 2736 1413 2791 anno

124 2827 133 2909 ξ·
224 2833 307 2923 post
331 2826 462 2913 initium
484 2828 666 2917 Samnitici
686 2831 768 2915 belli
782 2830 931 2924 XXXI,
960 2852 1050 2938 aqua
1082 2830 1204 2940 Appia
1229 2832 1264 2916 in
1277 2829 1414 2920 Urbem

176 3145 194 3215 4
267 3149 323 3202 avt
342 3169 382 3212 ea
400 3153 521 3233 potera)
544 3151 650 3211 desunt
671 3151 700 3211 tn
721 3148 750 3211 V
771 3148 806 3210 F.
828 3147 863 3211 lu
882 3148 986 3213 lisdem
1007 3147 1100 3211 lnlrar
1121 3155 1154 3211 et
1172 3146 1275 3211 adduc
1295 3154 1411 3215 metat.

224 3250 325 3321 aulul.
347 3251 455 3331 enim.)
488 3249 595 3317 Gonu,
617 3254 705 3322 enim.
728 3282 768 3293 -
795 3248 976 3329 creduntur)
1004 3247 1087 3310 VF:
1117 3246 1280 3311 credimur.

268 3351 486 3422 Camoenarum
507 3359 540 3413 et
556 3350 716 3431 Apollinis
737 3358 770 3413 et
787 3349 951 3429 Iuturnae)
974 3346 1028 3421 Sic
1049 3365 1090 3410 ex
1112 3349 1251 3435 corrupta
1271 3344 1412 3419 llbrorrrm,

224 3449 354 3526 lectione
376 3451 542 3523 emendavi.
564 3471 598 3522 γ.
620 3448 747 3524 Annott.

265 3571 347 3633 aqua
368 3553 494 3634 Ampio)
517 3549 563 3624 Ita
584 3567 624 3625 ex
645 3549 739 3623 trihus
760 3547 848 3621 codd.
874 3544 1001 3617 restitut.
1044 3542 1144 3620 Antea
1171 3544 1331 3615 edebatur:
1360 3547 1413 3613 irr-

221 3650 318 3736 fluunt
338 3670 448 3733 aquae.
470 3650 643 3722 Nominatur
663 3667 746 3731 aqua
765 3649 874 3730 Appia
895 3647 982 3713 etiam
998 3643 1069 3713 An.
1091 3650 1110 3706 5
1133 3648 1164 3713 et
1184 3645 1266 3706 alibi.

265 3749 412 3830 Marcia)
436 3750 489 3813 Sic
510 3752 681 3819 constanter
701 3746 750 3809 bic
771 3751 803 3815 et
823 3746 930 3829 ubique
948 3743 985 3825 G,
1008 3763 1072 3811 oum
1094 3745 1123 3807 ln
1144 3743 1254 3807 ceteris
1273 3739 1411 3811 Martia.

264 3851 438 3929 Alsietina)
465 3849 560 3919 Huius¹
588 3846 727 3919 vocabuli
751 3846 820 3921 loco
853 3842 931 3916 nc
958 3844 1062 3914 lacuna
1082 3844 1141 3908 est.
1184 3839 1259 3905 Sclr.
1287 3839 1411 3912 scriblt:

227 3949 332 4031 Virqo,
355 3971 433 4034 quae
453 3949 560 4014 eudem
579 3955 709 4017 vocatur
729 3948 888 4026 Aequam,
916 3945 1090 4022 Aletetr’na,
1120 3940 1256 4007 Claudia
1276 3948 1309 4002 et
1327 3941 1411 4013 Arrio

223 4049 347 4124 Nouos.
390 4049 476 4125 Lege
498 4049 642 4124 integram
664 4046 729 4108 eius
751 4043 976 4128 disputationem
999 4043 1040 4113 V.
1063 4049 1094 4105 2.
1125 4041 1191 4114 Nos
1211 4040 1241 4113 lo
1262 4057 1325 4109 eam
1347 4060 1409 4111 rem

223 4149 391 4232 inquirimus
412 4150 448 4215 ad
471 4148 538 4215 Art.
562 4153 611 4208 12.
1164 4158 1166 4162 ’

121 4244 191 4333 ffb
264 4265 313 4329 M.
340 4265 464 4336 Valerio
487 4264 600 4345 Mun.)
628 4261 722 4330 Paris.
750 4265 782 4331 et
811 4258 879 4330 cdd·
903 4257 1061 4339 incipiunt:
1087 4257 1195 4341 Appia
1213 4251 1263 4322 M.
1285 4255 1357 4320 Vae.
1371 4292 1409 4302 -

220 4366 297 4429 'l'um
319 4366 413 4428 Paris.
435 4366 453 4425 J
475 4368 506 4427 ct
527 4377 594 4426 roc:
616 4362 657 4433 P.
678 4364 779 4425 Decio
804 4359 949 4423 Murena.
980 4360 1044 4423 Sed
1065 4360 1095 4423 in
1115 4358 1210 4431 Paris.
1232 4358 1409 4441 syllabam

222 4486 306 4543 nanu
327 4484 391 4540 sec.
414 4466 539 4539 deletur.
563 4464 613 4528 Cl'.
635 4464 726 4545 Pigh.
748 4459 828 4536 Auo.
850 4460 938 4534 Rom.
960 4461 1001 4534 Τ.
1023 4462 1049 4527 Ι.
1071 4482 1103 4545 p.
1126 4469 1198 4532 aba.
