2978 4988
152 332 233 409 XX
635 328 961 411 pannonum.

152 588 266 663 quae
291 562 514 638 in'urbem
540 562 738 638 influunt
761 563 952 641 libellus
978 565 1220 642 mirabilis.
1255 569 1333 643 sine
1358 566 1439 643 loco

152 707 188 771 et
211 721 312 771 anno.
362 696 505 772 Desunt
529 697 737 794 paginarum
760 698 913 792 numeri3
941 708 977 772 et
1001 699 1079 773 libri
1104 700 1214 774 forma
1240 713 1307 798 cst,
1335 726 1439 799 quam

151 839 281 905 vocant
311 829 346 902 in
380 828 474 902 solio.
498 866 550 884 ·-
574 829 678 903 Haec
701 831 735 903 F
736 832 861 905 rontini
892 831 995 906 editio
1029 830 1260 910 ascholtzio
1291 847 1440 909 vocatur

151 962 295 1039 Veneta
318 998 370 1019 ν-
394 961 598 1036 Florentino
632 987 686 1035 an.
721 961 847 1058 149⁵sa,
885 964 1079 1061 eademque
1104 964 1250 1040 labetur
1275 993 1353 1041 cum
1383 968 1439 1041 ed.

151 1094 356 1170 Florentino
382 1119 437 1168 an.
462 1092 571 1168 loeo.
599 1094 642 1169 de
668 1120 737 1192 quo
763 1096 923 1171 Polenus
958 1097 1129 1196 (Proleg.
1154 1125 1188 1197 p.
1214 1098 1289 1187 22)
1320 1101 1439 1197 loqui-

149 1236 218 1302 tur.
242 1268 293 1283 ·-
317 1226 494 1303 Editionis
517 1229 742 1302 Florentinae
775 1254 829 1302 an.
863 1228 961 1303 1496
986 1231 1146 1305 Polenus
1179 1232 1325 1307 eundem
1351 1239 1440 1306 titu-

150 1360 223 1435 lum
249 1361 371 1457 attulit,
399 1370 501 1458 atque
529 1371 585 1433 est
608 1362 642 1434 in
669 1360 736 1455 cd,
765 1361 1098 1458 quamSchultzius
1124 1366 1345 1440 inmanibus
1372 1367 1439 1439 ha-

150 1492 244 1588 buit3
286 1504 325 1567 ut
357 1505 539 1589 utramque
574 1482 759 1567 editionem
792 1493 939 1568 eandem
971 1519 1056 1570 esse
1082 1496 1248 1572 affirmes,
1298 1499 1439 1573 Verum

150 1629 275 1705 merito
308 1625 476 1723 offendas,
518 1625 612 1722 quod
643 1627 678 1698 in
711 1627 790 1725 ipso
824 1627 1000 1702 volumine
1025 1631 1184 1705 Frontini
1216 1631 1305 1705 liber
1338 1631 1440 1705 aliter

150 1761 374 1855 incenditur,
415 1770 518 1855 atque
556 1761 590 1832 in
627 1759 737 1833 titulo.
788 1756 892 1849 Quae
918 1762 1097 1860 inscriptio
1124 1761 1293 1860 (Sexti
1319 1764 1345 1837 J
1355 1765 1438 1837 ulii

149 1892 363 1973 Frontini
403 1893 492 1965 viri
526 1892 792 1966 consuleris
826 1891 879 1966 de
912 1896 1047 1990 aquis
1073 1898 1254 1992 quaein
1279 1897 1438 1971 urbem

149 2026 354 2104 influunt
376 2024 573 2099 libellus
597 2024 851 2121 mirabilis)
878 2025 1001 2100 eadem
1028 2037 1095 2124 est,
1131 2036 1233 2125 atque
1259 2012 1364 2125 quam
1389 2054 1437 2103 ex

94 2260 98 2264 Ι
149 2162 207 2240 ed
231 2160 388 2260 principe
413 2156 602 2255 descripsit
626 2158 784 2232 Polenus
811 2159 981 2257 (Proleg.
1006 2186 1040 2258 p.
1064 2158 1150 2256 21).
1212 2160 1277 2236 Ad
1302 2163 1437 2235 calcem

150 2294 207 2371 ed
245 2292 412 2392 principis
449 2289 538 2365 lraec
574 2292 684 2365 verba
721 2292 904 2390 leguntur:
956 2293 1184 2368 Libellum
1223 2292 1340 2367 hunc
1382 2293 1436 2368 de

150 2418 559 2527 Aq'uaeductibuS‚
587 2448 682 2498 cum
709 2435 839 2498 esset
863 2425 1275 2523 mendosissimus,
1304 2428 1434 2501 Pom-

149 2560 318 2663 ponius
369 2568 412 2632 et
462 2556 700 2656 Sulpitius
749 2568 878 2633 tanto
916 2557 1072 2632 studio
1112 2561 1181 2632 sic
1219 2561 1434 2634 emenda-

148 2704 274 2792 runt,
324 2700 371 2766 ut
419 2714 752 2791 perpaucorum
801 2692 844 2764 in
895 2714 946 2764 eo
996 2691 1196 2766 locorum
1248 2717 1432 2768 correc-

148 2828 213 2904 tio
252 2824 561 2901 desideretur.
610 2822 834 2919 Per'qua'm
885 2847 986 2896 rara
1037 2835 1166 2919 sunt,
1220 2847 1332 2923 quae
1370 2825 1432 2898 li-

147 2960 336 3040 ltrurius
387 2956 598 3055 corrupit
652 2967 724 3030 aut
772 2957 1084 3054 praetermisit
1129 3010 1319 3033 ......
1381 2959 1433 3033 ln

149 3094 322 3196 spatiis
371 3090 414 3164 in
457 3089 617 3165 ordine
656 3089 830 3188 passim
877 3091 1080 3186 relictis,
1119 3090 1298 3164 ubinam
1348 3092 1432 3164 ali·-

149 3226 327 3328 quondo
360 3224 512 3321 verba,
553 3222 800 3321 aliquando
837 3223 1142 3319 quinariarum
1174 3234 1218 3294 et
1244 3223 1431 3297 listula-

135 3350 255 3455 ¹d‘prm-
273 3360 459 3459 figurae
492 3356 656 3452 desint,
702 3356 844 3429 facile
879 3357 1076 3453 quisque
1109 3358 1283 3455 poterit
1314 3357 1432 3430 indi-

149 3516 268 3571 care.
304 3492 440 3589 Vale,
480 3488 671 3565 candide
707 3488 868 3586 lector⁷
915 3499 960 3563 ot
997 3488 1039 3560 si
1077 3489 1178 3584 quis
1216 3490 1431 3584 ingratus

147 3650 261 3704 esse
291 3623 508 3721 voluerit
532 3622 712 3698 'librum
746 3644 871 3696 suum
898 3621 1134 3717 depromat
1159 3630 1320 3694 etcum
1346 3616 1431 3695 hoc

148 3736 286 3861 cigno
312 3768 519 3833 noctuam
546 3755 768 3831 conserat
817 3753 956 3831 Eadem
973 3753 1084 3827 verba
1109 3753 1273 3850 leguntur
1298 3753 1332 3825 in
1358 3752 1425 3848 ed,

146 3910 219 4007 qua
242 3889 450 3973 Schultzins
481 3913 571 3963 usus
604 3898 671 3963 est.
732 3888 848 3963 Porro
886 3887 921 3961 in
958 3894 1105 3983 utruque
1142 3883 1290 3961 editione
1327 3885 1431 3961 deest

134 3998 251 4135 'lom
275 4032 313 4099 et
336 4044 461 4119 annus,
489 4045 558 4121 quo
583 4022 619 4094 in
642 4020 759 4096 lucem
782 4017 983 4121 prodierint
1033 4018 1193 4114 Utraque
1230 4018 1336 4116 igitur
1360 4018 1427 4093 lm-

146 4146 264 4261 lr'eirile
287 4166 345 4232 est
367 4154 502 4231 eadem.
551 4153 736 4231 Lectionis
772 4152 876 4227 etiam
911 4146 1067 4224 varietas
1104 4149 1198 4225 haud
1222 4155 1270 4225 ita
1297 4176 1427 4250 magna

146 4298 216 4367 esc
275 4288 446 4367 Attamen
483 4296 540 4363 est
570 4294 751 4384 variam,
790 4281 950 4380 quumvis
977 4285 1117 4381 exigua.
1178 4283 1427 4383 Decerpamus

145 4398 333 4521 noffinlla,
372 4444 463 4521 quac
496 4431 578 4497 sunt
611 4420 796 4521 graviore·
836 4410 920 4491 aru
952 4412 1004 4491 to
1027 4416 1083 4491 ed
1109 4417 1275 4517 princeps
1299 4417 1432 4494 Poleni

145 4530 236 4659 leffit
256 4552 645 4669 aquapAnienis,
671 4548 738 4643 red
757 4544 1063 4691 Solulmpgdrtro
1087 4548 1209 4629 duae
1226 4550 1427 4628 Anienis.

540 4878 585 4888 .—
