2978 4950
148 350 223 430 ruo
569 294 1012 430 nunonnurourcs

150 592 222 652 atini
245 587 376 670 pemeili,
404 588 423 651 i.
448 606 475 650 c.
498 587 556 649 dno
578 589 608 648 in
632 606 730 665 unum,
753 587 831 664 apud
854 585 948 648 (locs.
970 586 1008 646 de
1030 585 1076 646 lte
1097 601 1163 661 egr.
1184 600 1215 663 p.
1236 561 1307 646 314.
1340 579 1427 644 Caes.

150 707 187 769 B.
209 703 247 783 0,
269 704 323 768 lll.
345 708 380 788 ις
423 704 553 784 remella
575 704 655 785 lepte
676 705 697 764 i.
719 721 747 763 e.
770 719 788 762 e
811 700 926 762 duabus
949 718 1006 761 una
1027 701 1116 762 laeta.

232 820 368 884 Puttett
387 819 485 893 cliuo)
508 817 581 880 Solu.
604 819 629 882 l.
650 825 669 881 t
692 822 723 880 et
742 816 847 879 Helnr.
870 815 995 878 volunt:
1016 815 1159 880 Publicio
1183 816 1274 885 cliuo.
1297 814 1341 878 At
1362 813 1428 876 Art.

152 939 209 999 22:
231 937 342 1002 cliuum
364 934 510 998 Putttctt.
552 934 634 997 ldeur
657 934 800 1017 loquendi
822 951 887 994 nuos
909 932 978 995 Art.
1002 936 1056 996 le:
1078 934 1209 994 Anionis
1230 952 1340 1015 aquae.
1363 932 1428 994 Art.

153 1059 209 1115 23:
230 1055 351 1114 nomina
372 1054 578 1134 quinariarum
598 1070 653 1132 pro
679 1049 883 1132 „qulnarlas.“
923 1045 993 1111 Art
1010 1055 1065 1110 36:
1087 1050 1197 1110 unciae
1215 1048 1357 1110 modulus
1377 1065 1429 1126 pro

152 1168 291 1245 ,uncta“

778 1257 808 1313 d.

236 1397 316 1462 Post
340 1417 437 1463 annor
463 1398 554 1475 xl..)
596 1400 694 1465 littam
717 1400 817 1464 multis
840 1401 926 1462 anuis
947 1403 1029 1479 ante,
1057 1418 1087 1464 a.
1108 1397 1144 1460 U.
1167 1401 1228 1462 574
1253 1396 1440 1471 (secundum¹

153 1513 245 1595 Plglt.
262 1513 373 1576 Annal.
395 1515 433 1577 Τ.
455 1514 495 1579 ll.
515 1535 546 1596 p.
568 1519 657 1598 ott),
679 1517 715 1580 L.
736 1515 851 1581 Manlio
866 1516 1012 1593 Acidino,
1036 1516 1075 1602 Q.
1095 1515 1187 1577 Fabio
1205 1514 1314 1575 Flacco
1331 1509 1432 1587 Coss,

154 1627 309 1693 Censores
325 1630 370 1693 Μ.
381 1631 531 1695 Aemilius
548 1631 682 1714 Lepidus
703 1637 735 1696 et
755 1631 800 1694 Μ.
815 1631 941 1695 Fulvius
958 1632 1099 1694 Nobilior
1114 1649 1216 1716 aquam
1232 1627 1434 1690 adducendam

155 1744 348 1839 locaverant,
362 1751 500 1811 narrante
511 1748 579 1813 Liv.
588 1749 655 1812 XL.
664 1750 716 1812 ot.
738 1746 802 1811 Sed
814 1744 1026 1827 impedimento
1040 1749 1139 1810 iuerat
1151 1748 1236 1827 operi
1247 1738 1441 1807 didicimus

157 1859 305 1940 Crassus,
327 1864 377 1944 qul
400 1882 455 1943 per
475 1863 597 1925 fundum
617 1882 702 1941 suum
725 1864 793 1925 duci
810 1883 870 1926 nou
893 1865 941 1925 est
961 1882 1082 1943 passus.
1109 1862 1203 1925 istius
1224 1864 1321 1922 autem
1343 1875 1435 1940 aquae

157 1977 335 2041 mentionem
352 1979 474 2041 videtur
488 1980 600 2042 iecisse
617 1980 705 2041 etiarn
721 1978 767 2042 Μ.
785 1978 880 2058 Cute,
903 1982 936 2042 ut
951 1978 1102 2058 colligere
1119 1981 1224 2042 estex
1240 1975 1343 2037 verbis
1361 1972 1436 2036 Sex.

158 2091 315 2172 Pomponii
336 2093 418 2156 Festi
440 2095 471 2157 in
490 2114 525 2157 r.
546 2094 707 2158 retricibus
728 2095 794 2158 luis:
816 2095 995 2158 dietricidne
1016 2115 1081 2158 cum
1095 2098 1142 2158 ait
1155 2094 1231 2157 Cato
1249 2095 1280 2154 in
1297 2109 1335 2154 ea
1352 2107 1438 2173 quam

157 2212 304 2292 acripmt,
332 2229 396 2272 cum
417 2211 614 2276 edissertavit
633 2212 740 2276 Fuluii
759 2211 935 2276 Nobilioris
955 2211 1135 2286 Censorem,
1156 2207 1312 2289 siqniticot
1331 2224 1438 2288 aqnaar

159 2343 197 2387 eo
217 2328 349 2402 nomine,
371 2345 449 2410 puae
469 2336 518 2390 eet
536 2347 633 2411 cupra
650 2333 732 2393 uiam
747 2328 948 2392 Ardeatinam
965 2331 1044 2389 inter
1059 2325 1194 2410 lapidem
1210 2322 1359 2398 lletlll,
1382 2339 1439 2404 qua

38 2518 40 2522 Ι
160 2443 329 2521 irripantur
342 2443 423 2506 dorti
438 2443 522 2524 infra
536 2448 618 2508 oium
632 2445 834 2510 Ardeatinam
849 2453 882 2507 et
889 2445 1066 2506 Asinariam
1082 2461 1177 2525 nsque
1192 2439 1236 2503 ad
1244 2440 1400 2504 Latinam.

243 2561 296 2641 aui
324 2560 488 2624 Censorem
507 2592 549 2606 ·-
568 2558 687 2643 pessit]
723 2561 813 2641 Pigln
843 2559 955 2622 Annal.
983 2560 1021 2621 Τ.
1043 2558 1068 2621 Ι.
1095 2577 1128 2638 p.
1150 2561 1221 2620 tto.
1263 2553 1438 2618 Decedam

163 2671 257 2736 Gurlo
278 2674 423 2738 Aurelius
444 2676 552 2741 Victor
573 2679 611 2741 de
632 2678 700 2740 Vir.
717 2675 765 2736 lll.
782 2681 839 2741 33:
861 2696 969 2758 uquam
989 2678 1134 2737 Anienem
1156 2673 1193 2736 de
1212 2671 1364 2734 manubiis
1382 2669 1440 2732 do-

161 2792 251 2851 etium
271 2794 302 2852 in
319 2791 426 2853 Urbem
447 2793 568 2855 induait
618 2788 743 2854 Cautius
764 2793 888 2871 scripsit
909 2792 1085 2868 Frontinus,
1107 2790 1154 2852 oul
1175 2789 1267 2851 maior
1287 2787 1364 2848 tides
1385 2787 1441 2847 ad-

164 2903 323 2982 iungenda.
367 2905 417 2969 ct.
439 2907 547 2969 Pelen.
570 2911 634 2970 not.
651 2912 681 2968 2.
698 2912 729 2968 2.

181 3097 182 3100 Ἴ
245 3021 396 3094 Anionis)
429 3022 484 3084 Sic
505 3027 678 3086 constanter
699 3023 748 3086 lric
770 3027 801 3085 et
822 3024 932 3104 ubique
955 3017 1275 3106 [praeterArt.125}
1297 3019 1324 3086 (l
1347 3024 1379 3081 et
1399 3015 1464 3095 υς.

165 3155 289 3220 quorum
317 3140 523 3202 auctorltatem
552 3142 650 3202 secuti
679 3144 747 3203 sunt
776 3159 839 3202 cunr
863 3138 977 3201 Poleno
1003 3139 1201 3220 posteriores.
1243 3138 1356 3199 Facere
1379 3154 1442 3198 oum

165 3252 216 3318 lus
242 3254 362 3316 ridetur
389 3256 456 3318 eod.
484 3253 597 3334 Paris,
625 3257 675 3338 qui
698 3261 779 3319 certe
802 3255 907 3318 Anu
930 3255 1055 3318 exhibet
1074 3256 1221 3316 Anionem
1252 3250 1346 3333 [licet
1367 3253 1445 3315 inter

167 3369 262 3433 lineas
287 3388 305 3430 a
326 3391 364 3432 m.
392 3390 454 3435 sec.
478 3372 646 3450 corrigatur
671 3374 843 3447 Anienem).
886 3369 998 3435 Contra
1019 3372 1048 3434 V
1070 3376 1101 3433 et
1120 3371 1163 3448 F,
1194 3371 1263 3432 item
1287 3367 1445 3449 Opsopoel

167 3489 231 3550 vet.
259 3488 309 3548 cd.
339 3485 428 3568 [ipso
451 3490 620 3566 testante),
649 3489 785 3550 omnibus
810 3488 887 3550 loeis
915 3488 1066 3550 mordicus
1091 3490 1195 3550 teuent
1214 3489 1358 3560 Anienis,
1387 3487 1445 3546 ete.

166 3601 187 3664 J
207 3606 240 3665 et
259 3619 321 3664 rec.
346 3605 426 3665 inter
446 3605 597 3684 utramque
619 3605 739 3666 formam
762 3605 913 3667 nmtunnt.
957 3602 1037 3666 Casu
1058 3621 1137 3665 nom.
1159 3602 1268 3684 ubique
1289 3600 1447 3665 Frontinus

169 3722 243 3782 dicit
267 3723 364 3798 Anio,
395 3739 448 3780 usu
471 3719 549 3799 apud
572 3722 702 3800 optimos
724 3722 889 3801 scriptores
909 3720 1124 3800 praevalente,
1154 3719 1231 3798 apud
1253 3737 1330 3801 quos
1351 3721 1446 3778 tamem

170 3838 276 3900 eodem
294 3854 363 3898 casu
381 3838 466 3898 etiam
484 3839 577 3899 torma
592 3839 692 3899 Anien
714 3839 853 3899 occurrit.
896 3837 929 3899 ln
944 3835 1072 3921 reliquis
1088 3837 1208 3899 ensibus
1223 3836 1367 3907 Anienis,
1389 3835 1447 3893 cto.

170 3953 307 4017 malorem
336 3953 414 4031 apud
436 3956 559 4014 veteres
579 3954 733 4016 Romanos
753 3952 846 4014 habet
866 3955 1089 4032 auctoritatem,
1121 3952 1195 4015 licet
1216 3953 1303 4013 etiarn
1327 3951 1447 4009 sormam

171 4072 301 4136 Anionis
317 4069 457 4147 exempla
473 4087 532 4131 uon
550 4070 724 4133 destituant.
767 4069 831 4132 Sed
848 4088 935 4151 quum
953 4072 981 4130 in
998 4069 1129 4131 Senatus
1146 4065 1285 4130 consulto
1307 4066 1377 4127 Art.
1393 4067 1448 4128 125

171 4186 232 4270 ipsi
252 4185 376 4247 codices
397 4183 504 4250 cete
525 4186 556 4247 in
578 4186 698 4248 sormam
719 4187 864 4249 Anienem
884 4187 1089 4263 consentiant,
1113 4185 1151 4246 ob
1173 4183 1314 4245 librorum
1333 4180 1373 4243 V.
1382 4177 1449 4241 ΜΟ

172 4304 383 4380 consimilem,
406 4303 549 4365 editionis
570 4306 667 4365 autern
682 4303 702 4365 J
717 4302 962 4379 inconstantiam,
984 4320 1086 4380 parum
1108 4301 1228 4376 aberat,
1250 4299 1321 4381 quin
1342 4296 1449 4377 ulique

172 4441 279 4486 nomen
300 4440 354 4500 per
374 4418 501 4481 litteram
522 4439 540 4480 c
560 4418 761 4499 protulissem.

253 4528 494 4623 perducendum]
528 4534 625 4599 turra:
646 4536 809 4599 Duumoiri
829 4554 929 4619 aquae
947 4531 1174 4618 perducendae.
1198 4532 1285 4594 etium
1309 4528 1452 4592 interius:
