2978 4988
539 346 947 435 VRON'l'lNUS
983 374 1006 423 :a

178 589 296 654 trans
333 578 461 653 llumen
497 579 680 678 viamque,
720 593 843 656 natura
880 580 1111 679 potissim,
1152 579 1218 654 sed
1255 581 1388 656 mixtus

198 697 348 794 gratiam
386 693 585 793 splendoris
632 698 688 771 sui
733 700 863 772 amittit.
913 698 1063 780 Ductus
1093 695 1248 771 Anionis
1285 695 1385 771 Novi

199 811 306 886 etiicit
329 835 462 908 passus
488 798 751 890 Himilco:
787 838 902 888 exeo
928 814 1004 886 nivo
1031 811 1262 886 subtenaneo
1296 837 1385 910 pas-

199 953 264 1003 sus
289 932 435 1006 XLIX.
438 930 565 1024 0003
593 956 699 1028 opeie
717 955 826 1028 supra
852 940 980 1002 tenram
995 951 1127 1026 passus
1151 915 1220 1002 IX
1224 925 1385 1005 CCCC:

198 1070 245 1119 ex
276 1071 319 1121 eo
354 1049 673 1122 substructionibus
700 1061 760 1121 aut
786 1069 894 1144 opere
919 1054 1061 1118 arcuato
1088 1043 1261 1140 superiori
1286 1055 1387 1141 parte

197 1160 356 1256 pluribus
393 1164 485 1237 locis
530 1187 662 1261 passus
701 1158 873 1257 Cocli,
927 1171 962 1234 et
1006 1159 1152 1258 propius
1191 1154 1327 1236 Urbem
1364 1185 1387 1235 a

198 1275 276 1350 VH
299 1279 457 1355 milliario
483 1279 802 1355 substructione
774 1300 929 1351 livorum
954 1299 1087 1373 passus
1112 1272 1245 1352 DUIX
1248 1299 1387 1373 ‚opere

198 1404 342 1472 arcuato
381 1420 514 1492 passus
565 1391 1009 1474 vicocchxxxxl.
1072 1390 1122 1464 Hi
1160 1401 1243 1464 sunt
1276 1415 1384 1465 ancus

198 1507 370 1606 altissimi,
398 1511 573 1585 sublevati
597 1513 632 1584 in
658 1507 866 1608 quibusdam
890 1508 980 1582 locis
1006 1504 1101 1584 CIX
1126 1504 1249 1604 pedes

149 1619 199 1695 16
250 1623 323 1699 ll'ot
347 1651 516 1724 aquatum
541 1638 612 1701 tam
636 1628 753 1701 multis
768 1625 983 1700 necessariis
1001 1623 1152 1698 molibus
1167 1620 1383 1723 pyramidas,

198 1737 363 1815 videlicet
389 1745 535 1840 otiosas,
564 1767 761 1842 companeS,
789 1752 848 1816 aut
867 1742 990 1817 ine1tia
1010 1737 1077 1813 sed
1098 1739 1189 1812 lama
1209 1738 1386 1813 celebrata

197 1877 306 1950 opera
332 1855 579 1933 Graecoiumt

149 1963 201 2040 17
248 1969 333 2044 Non
359 1974 508 2048 alienum
538 1974 619 2049 mihi
651 1975 768 2048 visum
800 1987 866 2071 est,
906 1971 1141 2072 longitudines
1170 1994 1309 2068 quoque
1335 1969 1385 2042 ri-

198 2107 324 2161 vorum
358 2091 530 2186 cuiusque
563 2090 689 2165 ductus
722 2093 825 2167 etiam
855 2116 919 2190 pei·
944 2089 1086 2219 species
1113 2088 1258 2186 operum
1284 2111 1385 2160 coni·

95 2245 326 2272 b*-

198 2350 239 2413 V.
261 2353 422 2420 Practerea
448 2359 565 2422 additur
593 2365 756 2440 crepione
773 2360 902 2440 fontium
930 2285 1100 2434 Chiudiac,
1134 2373 1218 2438 quom
1240 2354 1312 2418 Art
1334 2357 1385 2417 il.

197 2455 314 2534 concipi
335 2457 372 2518 ad
393 2457 464 2519 mill.
485 2459 658 2522 XXXVlll
679 2461 854 2545 audivimus

246 2559 444 2634 purissimus)
482 2555 527 2644 U:
549 2569 679 2622 naturae
700 2559 889 2622 durissimus
932 2555 973 2620 C:
995 2563 1125 2619 acturae
1143 2558 1306 2637 pessimus,
1329 2480 1387 2616 ced

197 2656 313 2718 nastes.
355 2655 441 2725 Set,
467 2663 615 2741 viamque.
656 2659 784 2722 Natura
818 2660 1020 2738 purissimus,
1056 2660 1166 2719 minius
1192 2656 1250 2734 pia
1252 2658 1324 2717 tiam
1345 2685 1386 2696 —-

197 2756 316 2815 aneittit.

246 2862 378 2930 passae)
399 2855 482 2918 Male
503 2855 552 2917 liic
574 2860 605 2919 et
625 2857 654 2918 ln
675 2875 761 2939 seqq.
783 2857 811 2918 in
832 2853 931 2918 multis
951 2853 1035 2916 libris
1055 2853 1167 2932 legitur
1185 2871 1343 2935 passuum.

247 2960 361 3026 exeo]
384 2955 414 3016 V
436 2959 467 3018 ct
489 2957 563 3017 cdd:
585 2966 743 3019 cicccc.

246 3057 415 3139 superiori)
438 3054 483 3116 lta
504 3057 605 3133 codd,
628 3075 691 3117 non
706 3059 865 3137 superiore
888 3053 938 3118 Cf.
960 3055 998 3116 ad
1019 3054 1088 3117 Art.
1112 3058 1141 3114 7.

246 3152 392 3227 ll.CCC)
416 3152 459 3223 C:
483 3154 643 3218 duodecim
664 3156 748 3217 mitia
769 3165 928 3217 trecentos.
951 3154 992 3216 U:
1015 3152 1175 3215 duodecim
1189 3151 1275 3214 mitia
1296 3159 1384 3213 octo·

197 3263 312 3315 centos
360 3250 463 3316 Ceteri
489 3253 574 3317 libri·
602 3253 672 3316 ΧΠ
698 3255 793 3316 millia
819 3254 946 3317 DCCC.
1000 3252 1107 3314 Poleni
1137 3251 1383 3329 etniendationcni,

84 3417 86 3423 ,
198 3371 281 3434 quani
304 3352 399 3413 sconti
421 3371 532 3430 sumus
555 3373 656 3416 venam
679 3372 759 3433 csse,
781 3353 906 3433 simplici
928 3354 1148 3431 computatione
1171 3352 1299 3411 constat.

246 3471 267 3512 a
292 3450 357 3514 Vll
376 3452 428 3512 mit
428 3452 465 3524 t)
509 3451 677 3514 Sccunduni
699 3456 918 3515 annotationum
929 3450 1086 3555 0psopooi
1107 3450 1212 3510 nescio
1236 3467 1312 3531 quae
1336 3449 1384 3509 ed.

197 3548 303 3614 habeta
326 3571 347 3613 c
367 3550 437 3612 ΧΠ
456 3552 529 3615 mitt

245 3669 338 3730 opere
358 3661 487 3714 arcuato
518 3649 596 3733 otc.)
639 3651 723 3712 llaec
748 3653 843 3715 verba
870 3654 901 3713 ct
926 3648 1083 3733 sequentia
1109 3666 1203 3728 usque
1230 3647 1268 3707 ad
1296 3646 1382 3708 inani

194 3747 283 3809 liuius
303 3749 373 3811 Art.
395 3751 424 3812 in
446 3750 473 3813 U
494 3752 611 3813 desunt.
654 3751 702 3816 Vt
725 3771 818 3834 opere
838 3760 968 3815 arcuato
988 3752 1143 3829 superiori
1163 3756 1254 3827 purte
1288 3744 1382 3828 (quac

196 3849 255 3908 duo
293 3848 388 3911 verba
420 3869 460 3911 cx
497 3850 702 3930 superioribus
729 3850 787 3912 huc
814 3845 972 3930 translata)
994 3867 1110 3930 passus
1129 3845 1182 3908 Xl
1201 3846 1297 3907 mittio
1318 3849 1381 3907 etc.

193 3947 290 4010 Etiam
322 3949 359 4013 F:
398 3949 453 4013 XI
476 3951 589 4028 odilia,
617 3949 684 4015 scil.
705 3951 750 4013 Xl
771 3971 826 4031 pro
849 3950 902 4012 Vl.
944 3948 1104 4009 Praeterea
1125 3942 1202 4007 UV
1233 3963 1290 4007 oin.
1316 3964 1380 4027 seq.

192 4048 302 4129 pedes.

130 4151 160 4202 16
241 4149 437 4229 pyramidas]
460 4147 505 4210 lta
526 4148 606 4210 libri.
629 4150 705 4211 Post
726 4148 885 4212 Polcnuin:
906 4146 1094 4229 pyramides.

242 4255 417 4330 compares)
441 4249 526 4309 lldd:
549 4267 728 4331 comparem.
771 4249 818 4311 V:
847 4266 1036 4329 componere.

241 4366 337 4429 opera
358 4348 485 4422 Graec.)
508 4348 592 4416 dod:
615 4351 727 4411 Graec.
749 4366 799 4427 op.
837 4345 932 4410 UV:
956 4337 1193 4426 &occuparo
1231 4345 1326 4407 Elian
1353 4343 1379 4407 C

193 4466 295 4530 opere,
317 4449 373 4509 scd
394 4449 566 4527 postpos1to
590 4449 785 4510 Graecorum.

131 4549 158 4596 Π
242 4545 322 4627 laoy.
345 4566 461 4630 quoqne
481 4553 540 4612 riv.
563 4569 612 4614 cu.
634 4547 682 4624 d.)
724 4546 762 4610 J:
785 4545 992 4628 tccpitudiois.
1016 4545 1061 4609 V:
1083 4543 1281 4627 loupitodiais
1303 4565 1330 4627 p.
1354 4565 1378 4605 r.
