2978 4988
557 309 881 393 russonum.
1078 353 1080 357 <
1183 308 1360 411 W

76 549 278 627 Bonnensis
305 573 418 650 nuper
442 546 624 644 demortui,
664 545 748 644 lilio,
786 551 912 619 nactus
938 562 1025 618 sum·
1044 550 1191 644 apatre
1216 544 1361 655 relictas

77 685 109 758 in
132 683 342 759 Frontinum
372 657 626 758 annotationes.
675 677 851 755 Nimirum
881 676 972 752 inter
991 673 1219 754 ¹Schultnium
1243 677 1361 761 flan-

78 815 292 913 riclriumque
317 813 362 890 de
379 815 551 890 Frontino
577 811 714 890 edendo
739 816 954 887 convenerat
978 832 1022 885 eo
1046 818 1162 910 pacto,
1189 809 1362 901 uillelm-

78 947 211 1033 rioilus
241 959 377 1023 textum
391 1012 394 1017 ι
407 955 637 1044 repurgatum
662 955 699 1020 et
721 969 789 1020 sua
814 941 1035 1019 annotatione
1060 944 1182 1021 critica
1207 941 1361 1023 adom-

77 1091 161 1179 tum,
185 1079 397 1173 Schultrius
419 1077 704 1156 Commentarios
731 1098 820 1153 suos
846 1053 1197 1174 separatimederet.
1247 1077 1362 1175 Post-

76 1237 181 1311 quam
214 1237 315 1286 suam
348 1213 498 1310 quisque
531 1235 674 1311 operam
699 1207 938 1308 impenderant
962 1217 998 1282 et
1022 1206 1105 1305 quid
1128 1211 1176 1284 sit
1199 1206 1244 1283 de
1270 1232 1363 1307 qua-

76 1370 145 1445 que
173 1370 216 1419 re
242 1342 462 1421 statuendum
500 1352 535 1419 et
568 1341 790 1432 iudicandum
814 1342 884 1417 sibl
908 1351 1072 1416 constare
1096 1320 1362 1441 arbitrabantur,

73 1450 260 1579 =opiniones
303 1469 478 1577 separatis
521 1475 649 1551 studiis
701 1485 891 1576 conceptas
934 1497 1059 1551 secum
1105 1470 1364 1552 communicare

78 1612 374 1709 communiterque
398 1609 637 1685 Frontinianis
669 1609 764 1685 curis
798 1633 929 1684 vacare
967 1618 1168 1712 coeperunt.
1222 1605 1363 1701 Quibus

77 1744 312 1818 conventibus
339 1767 408 1818 una
433 1741 480 1816 alt
465 1752 589 1820 terave
613 1750 745 1818 tantum
769 1743 849 1821 vice
873 1742 1010 1817 iteratis
1035 1740 1179 1817 morbus
1207 1751 1242 1816 et
1266 1762 1364 1857 mors

77 1873 254 1954 Schultcii
278 1874 439 1950 insecuta
464 1873 570 1950 finem
593 1874 761 1974 imposuit
793 1899 966 1975 spemque
992 1839 1262 1975 pulcherrimam
1286 1836 1363 1949 iru-

78 2018 192 2083 strata
218 2017 294 2082 est:
345 2031 394 2084 ex
426 2031 496 2107 quo
539 2017 699 2109 tempore
736 2009 842 2084 etiam
877 1995 1105 2086 Heinrichius
1143 2007 1260 2119 studia
1296 2030 1365 2133 sua

79 2141 277 2216 intermisit
1288 2218 1293 2231 ,
1338 2219 1356 2227 ,,

175 2269 372 2349 Heinrichii
396 2272 537 2348 notulae
560 2271 704 2368 breves,
739 2282 779 2347 ut
798 2271 836 2346 iu
863 2278 1024 2373 margine
1045 2271 1101 2348 ed
1112 2272 1242 2351 Adleri
1267 2240 1363 2348 scri-

80 2378 173 2503 ptae,
214 2406 338 2504 partim
366 2404 540 2504 dispersis
566 2403 746 2480 schedulis
783 2396 980 2525 mandatae,
1019 2407 1204 2525 maximam
1229 2376 1364 2536 partem

56 2562 146 2615 ,ιιι
171 2548 255 2635 sunt
279 2537 520 2637 spernendae:
546 2538 742 2638 permultis,
769 2561 860 2638 quae
886 2547 968 2613 sunt
992 2538 1101 2613 rebus
1114 2526 1366 2669 grammaticis,

78 2669 201 2744 verbis
233 2662 462 2770 lormulisque
488 2669 646 2747 discendi
683 2670 898 2747 illustrandis
937 2679 972 2747 et
1009 2654 1294 2775 expediendis,
1296 2696 1367 2785 ιιι

77 2815 147 2877 tam
173 2803 379 2903 explicatur,
418 2830 521 2904 quam
559 2806 730 2881 indicatur
765 2791 908 2904 tantum,
948 2815 985 2880 et
1021 2804 1067 2880 ad
1104 2807 1193 2881 alios
1219 2776 1368 2905 alidruln
1413 2810 1417 2817 '

77 2930 292 3035 scriptorum
316 2942 526 3037 interpretes
552 2940 798 3016 convertimur.
848 2939 1066 3038 Interpretes
1092 2930 1136 3015 ab
1163 2910 1367 3015 Heinriclio

79 3038 208 3143 allatim
235 3069 362 3147 allatos
387 3071 537 3147 libenter
561 3072 788 3170 evolvissem,
816 3082 855 3146 ut
878 3071 1141 3148 indel'rontino
1161 3069 1367 3149 illustrando

71 3200 319 3298 consulerem3
347 3203 414 3278 sed
439 3203 604 3279 carebam
628 3205 728 3281 libris
754 3213 886 3279 tantum
909 3228 979 3308 non
1005 3203 1186 3302 omnihus,
1228 3184 1366 3280 Emeu-

78 3331 254 3409 dationum
280 3337 508 3435 plurimaein
541 3339 719 3449 margine⁸
737 3347 898 3414 enomtae
924 3311 1099 3417 Schultzii
1137 3345 1238 3412 sunt:
1278 3310 1369 3413 inter

78 3463 154 3562 eas,
188 3491 279 3565 quae
305 3469 348 3544 ab
375 3470 454 3569 ipso
479 3469 685 3546 lleiurichio
711 3471 825 3546 sactae
851 3481 944 3569 sunt,
983 3454 1168 3546 nonnullae
1193 3470 1282 3543 aunt
1300 3494 1368 3573 op·

79 3603 194 3698 timae,
223 3602 374 3676 omnium
400 3615 518 3678 autem
544 3606 847 3700 praestantissima
872 3615 908 3679 et
919 3602 1110 3678 indubitata
1134 3609 1285 3679 veritate
1309 3608 1367 3678 lu-

79 3735 196 3833 signis
227 3727 292 3808 'est
328 3735 524 3810 emendatio
561 3736 785 3813 invidiam
814 3737 898 3815 Art.
923 3733 959 3812 5.
1010 3736 1106 3814 Fere
1145 3747 1262 3812 autem
1298 3735 1370 3812 loci

79 3891 216 3941 summa
249 3865 450 3944 difficultate
482 3870 643 3970 insignes
676 3869 815 3946 silentio
846 3852 1174 3969 praetermittuntur.
1224 3856 1370 3945 Notuli's

80 4001 243 4075 omnibus
268 4001 429 4100 integrm,
469 4013 508 4077 ut
532 3988 645 4099 erant,
681 4003 806 4102 paucis
848 4007 1020 4103 exceptis,
1061 4004 1177 4078 locum
1204 4005 1370 4079 concessi

80 4134 247 4231 iuxtaque
273 4159 372 4208 meas
399 4137 543 4235 inserui,
571 4142 652 4211 sive
679 4136 929 4209 convenientes
954 4138 1033 4210 sive
1058 4162 1128 4212 non
1153 4136 1370 4212 convenien-

80 4277 156 4375 tes,
208 4249 354 4343 namot
386 4269 431 4347 ob
457 4268 592 4343 illarum
618 4270 768 4367 aliquam
795 4268 1053 4367 similitudinem
1078 4295 1177 4344 meas
1202 4267 1368 4367 delerem,

80 4400 162 4474 milri
191 4400 407 4498 persuadere
433 4426 502 4478 non
527 4407 636 4500 potui.
687 4400 822 4500 Pauca,
849 4400 1182 4501 quaelleinriclrius
1203 4401 1237 4474 in
1260 4400 1382 4489 scire-c

80 4531 175 4608 dulis
198 4557 245 4608 ex
258 4534 416 4610 Frontini
429 4535 519 4611 libro
546 4535 691 4633 carptim
716 4546 752 4612 et
776 4535 930 4613 obscure
956 4535 1121 4632 cacavit,
1148 4533 1195 4611 ad
1217 4544 1376 4642 tempusg
1423 4560 1426 4566 ·
