2978 4988
377 390 382 397 .
491 283 904 413 rnuur1uus
1300 328 1352 409 ra

64 566 204 641 ner-ilius
243 566 493 639 incrementum
530 565 714 663 accipiunt.
776 563 848 639 Est
884 587 1002 661 unum,
1056 587 1136 638 curn
1171 565 1251 662 ipsa

64 680 317 778 multiplicatur,
346 681 378 752 iri
406 690 461 763 est
487 680 611 755 eodem
636 680 764 755 lumine
791 681 912 777 plures
938 681 1116 778 quinariae
1135 681 1250 755 inclu-

63 796 189 869 rluntur
197 822 213 887 3.
234 797 267 869 iu
294 797 422 892 quibus
448 795 644 871 secundum
669 794 899 870 adiectionem
925 797 1158 892 quinariarum
1172 819 1249 884 ame

62 911 195 1009 plitudu
222 912 360 985 luminis
387 914 528 985 crescit.
578 909 649 984 Est
663 922 780 986 autem
793 911 869 985 fere
894 922 978 985 tunc
1003 912 1038 984 in
1062 933 1144 1004 usu,
1171 933 1252 985 cum

59 1029 183 1124 plures
210 1029 401 1124 quinariae,
442 1029 517 1102 iure
554 1028 758 1126 impetratae
793 1049 905 1123 aquae
930 1050 975 1100 ne
1000 1026 1034 1098 in
1068 1026 1138 1099 viis
1162 1049 1251 1101 sae-

61 1145 139 1240 pius
174 1144 469 1218 convulnerentur
508 1143 658 1236 fistulae,
699 1148 768 1230 uni
805 1142 922 1216 fistula
959 1142 1177 1238 accipiuntur
1214 1144 1252 1213 in

61 1259 257 1352 castellmn,
284 1284 426 1356 exque
452 1260 583 1356 singuli
609 1284 714 1344 suum
738 1258 880 1333 mudum
905 1259 1089 1355 accipiunt.
1139 1255 1250 1339 Alte-
1274 1251 1326 1328 28

59 1398 148 1449 rum,
170 1398 287 1474 genus
319 1387 386 1470 cst,
427 1376 592 1472 quotiens.
624 1399 695 1452 nnn
720 1374 766 1448 ad
791 1375 1025 1472 quinariarum
1049 1375 1251 1474 necessita-

61 1503 129 1563 tem
157 1490 274 1567 listula
299 1493 549 1566 incrementum
575 1492 682 1589 capit,
719 1489 785 1567 sed
810 1489 855 1565 ad
880 1488 1040 1569 diametri
1065 1487 1123 1560 sui
1147 1511 1249 1583 men-

60 1629 199 1681 suram:
224 1607 434 1682 secuudum
469 1606 564 1704 quod
597 1620 783 1695 etnnmen
807 1606 935 1704 accipit
960 1615 995 1680 et
1020 1603 1250 1702 capacitatem

62 1722 215 1820 ampliat.
266 1722 316 1802 Ut
341 1733 423 1821 puta
449 1725 617 1819 quinaria,
656 1748 737 1797 cum
770 1720 928 1797 adiectus
961 1734 1018 1796 est
1044 1722 1077 1796 ei
1102 1719 1148 1795 ad
1172 1718 1250 1793 uia-

62 1848 211 1912 metrum
249 1838 436 1935 quadrans,
477 1841 651 1914 senariam
690 1840 790 1913 lacit:
830 1863 897 1913 nec
934 1841 1002 1913 iam
1039 1839 1074 1911 in
1099 1835 1250 1929 solidum

62 1955 289 2051 capacitatem
310 1955 465 2054 ampliat3
492 1957 583 2053 capit
615 1957 706 2030 enim
739 1956 930 2052 quinariam
944 1979 1061 2035 ‚unam
1086 1965 1122 2030 et
1146 1953 1249 2049 quiu-

61 2094 219 2164 cuncem,
260 2071 441 2146 sicilicum.
490 2071 540 2146 Et
571 2071 739 2171 deinceps
766 2072 889 2147 eadem
915 2073 1047 2146 ratione
1073 2068 1250 2167 quadran·

62 2189 154 2289 tibus
183 2185 351 2262 diametro
391 2186 549 2286 adiectis,
589 2198 627 2261 ut
663 2211 770 2287 supra
811 2188 939 2262 dictum
977 2196 1044 2283 est,
1085 2196 1252 2260 crescunt

63 2304 273 2402 septenaria,
303 2304 492 2400 octonaria,
519 2327 634 2400 usque
660 2303 705 2378 ad
729 2304 954 2377 vicenariam.
1098 2389 1102 2396 Ι

161 2416 402 2515 Subsequitur
426 2418 483 2491 illa
501 2420 600 2514 ratic,
629 2442 719 2515 quae
737 2429 876 2493 constat
892 2444 938 2494 ex
955 2442 1100 2493 numero
1118 2417 1249 2518 digito-
1274 2413 1325 2489 29

64 2561 138 2608 rum
165 2535 422 2632 quadratorum,
451 2537 509 2632 qui
535 2561 630 2632 area,
657 2535 692 2610 id
719 2544 775 2609 est
798 2535 939 2632 lumine,
975 2537 1147 2632 cuiusque
1172 2557 1251 2607 mu-

65 2819 104 2861 ex
125 2801 144 2863 J
167 2803 199 2862 ct
218 2817 293 2880 rec,
326 2802 506 2866 subaudiens
525 2801 561 2866 iri
580 2802 734 2868 inductam
761 2807 793 2867 in
820 2807 915 2869 uram.
957 2802 1048 2882 VU:
1085 2807 1117 2865 ia
1143 2804 1251 2864 viram

64 2897 109 2960 'i'u
133 2917 208 2963 vere
229 2919 267 2962 ne
289 2901 403 2982 dubita,
430 2905 501 2986 quin
522 2906 552 2966 iu
574 2901 599 2967 U
620 2901 752 2968 Utente
773 2904 894 2984 legatur
914 2908 946 2966 ia
967 2924 1034 2969 aaa.
1075 2900 1152 2964 Tum
1173 2899 1203 2962 iu
1225 2896 1253 2960 U

63 2997 136 3060 Vl*
162 2999 300 3063 ridemus
324 3001 396 3083 sero
427 3009 521 3081 ῖιοιοο
557 3005 638 3086 quad
669 3005 783 3085 pariter
815 3005 1037 3084 rescripsimus.
1090 2998 1251 3077 intellige:

64 3095 151 3158 Solet
172 3102 268 3161 autem
289 3099 348 3163 hnc
371 3120 456 3163 unum
477 3121 576 3181 genus
597 3106 658 3166 tum
682 3103 830 3181 adhiberi,
860 3122 948 3184 quum
963 3106 1022 3168 ctu.
1064 3101 1140 3167 Scir.
1154 3099 1250 3194 lcgltt

62 3197 129 3276 sere
140 3196 222 3260 idem
243 3197 327 3270 (scil.
340 3204 454 3278 genus)
477 3206 508 3263 ia
518 3223 586 3264 usu.
608 3202 739 3263 fortasse
752 3221 792 3264 cx
804 3200 842 3282 U,
864 3202 894 3263 in
907 3220 967 3286 quc
981 3206 1119 3264 exuatur
1131 3201 1200 3282 scra
1216 3208 1250 3262 rt.

103 3316 169 3359 cam
187 3296 295 3380 platea
317 3303 477 3382 quinariae
498 3305 574 3373 etc.)
596 3320 627 3365 r.
647 3302 774 3364 nunaut

102 3417 185 3496 puin.
206 3421 342 3489 carcaa)
369 3414 452 3479 Vel
473 3416 547 3479 cdd:
569 3420 751 3501 quinariam.
793 3415 838 3482 G:
859 3421 1053 3481 necessitate.
1285 3432 1319 3486 28

102 3531 168 3574 aaa.
190 3513 288 3595 pand)
310 3513 331 3574 l.
352 3531 381 3578 e.
403 3516 565 3578 secundum
586 3534 672 3599 quam
692 3535 765 3583 rem.
807 3516 883 3581 Scir.
905 3516 985 3596 legit
1004 3535 1069 3580 aec.
1084 3533 1183 3601 paam,
1200 3533 1251 3578 sc.
1324 3542 1329 3552 ·

64 3628 238 3674 pransurum.

103 3712 325 3802 capacitatem)
349 3710 448 3776 Codri.
470 3715 502 3776 et
515 3715 555 3778 l't
576 3717 774 3796 rapacitatis.
815 3713 894 3778 ultra
910 3716 1054 3778 varietas.
1104 3712 1149 3778 At
1159 3714 1250 3779 inira:

65 3815 267 3893 capacitatem
287 3811 427 3892 ampliat.
469 3813 538 3876 Art.
561 3816 619 3878 ta:
642 3815 775 3897 ampliat
787 3815 920 3878 ‘modum

103 3905 262 3993 palearia)
282 3910 314 3974 V
333 3914 359 3974 Β
381 3916 412 3976 οῖ
433 3913 472 3974 al.
494 3929 577 3976 rect
600 3918 780 3998 pinarium

102 4006 262 4092 adiectus]
284 4009 314 4072 V
333 4006 384 4073 Ut'
398 4011 545 4075 deiectus.

101 4113 271 4183 aenariam)
293 4109 348 4172 Sic
367 4111 479 4190 primus
501 4113 670 4176 emendarit
691 4111 765 4176 Scir.
808 4110 911 4176 Antea
931 4110 1095 4178 aenariam.

102 4213 183 4290 pata.
205 4229 294 4270 anam
315 4217 347 4272 ct
367 4217 432 4292 pu.)
454 4211 484 4272 V
505 4216 537 4274 et
558 4213 632 4276 edd:
655 4197 797 4296 petraria
814 4233 915 4290 enarr,
938 4217 1038 4295 patae.
1079 4212 1203 4276 Ponitur
1224 4221 1256 4274 et

64 4307 201 4370 similiter
220 4307 291 4371 nrt.
312 4313 369 4371 ³8:
391 4309 517 4390 dipttam
538 4331 626 4374 uuam
647 4320 680 4376 et
697 4313 788 4394 diput
807 4317 1006 4390 taramriam,
1026 4313 1202 4396 scripulum.

102 4403 229 4487 maiae)
251 4428 310 4471 nm.
333 4407 369 4470 U.
411 4409 449 4473 F:
471 4410 583 4472 limiae.
749 4435 751 4438 ⁴
1204 4462 1206 4467 ι
1286 4428 1319 4481 2⁹

103 4511 312 4584 meriamur)
333 4508 416 4571 Libri
437 4514 617 4588 continetur,
644 4510 712 4574 scil.
734 4514 784 4594 qui
806 4529 955 4575 numerus.
999 4511 1063 4574 Sed
1084 4528 1171 4591 quum
1194 4527 1249 4571 se-
