2978 4988
486 309 928 392 ,innumerosas
1028 270 1032 278 ’
1277 321 1349 397 1u1

65 541 252 610 eumdexum.
304 545 363 606 Vz‘
387 534 591 626 perduceret:
625 545 789 628 ampliores
815 552 872 611 rai.
900 547 958 610 m
982 551 1114 614 miliario
1146 594 1349 618 .......

64 661 196 724 brioram
218 662 316 723 duait.
359 660 382 722 F
404 653 551 723 conuenit
569 680 634 723 cum
657 640 705 722 od.
727 681 773 742 pr.
816 662 890 725 lnB
912 668 1007 726 autem
1031 671 1062 727 ot
1084 667 1123 727 al.
1143 686 1204 729 rec.
1228 668 1350 747 lacunae

63 779 209 845 editionis
229 778 247 838 J
265 778 309 839 sic
327 777 508 857 explentur:
536 777 736 860 perduceret,
758 781 788 839 ci
802 777 970 860 ampliares
988 781 1097 844 ductus
1111 783 1242 863 faceret.
1272 785 1351 848 liei.

12 954 15 960 .
60 893 148 975 publ.
180 913 276 955 cauea
302 897 390 955 tertio
417 872 667 981 miliariaopera
687 893 843 973 labrorum
864 894 962 956 duait.
1007 895 1133 959 Corrad.
1157 897 1221 975 legi
1246 901 1349 965 iubet:

60 1008 246 1091 perduceret
264 990 508 1091 peremptiores
528 1008 648 1071 duetus.
681 1008 793 1071 ilicum
813 1014 940 1073 utactio
962 1012 1107 1073 milliario
1130 1017 1262 1077 rivorum
1282 1036 1350 1081 ma-

45 1127 172 1187 *aimuur
195 1125 290 1188 duxit.
333 1125 403 1200 Ego
426 1144 637 1203 reposcerem,
667 1125 772 1204 partim
802 1124 944 1187 librorum
973 1127 1114 1204 vestigiis
1141 1133 1248 1217 partim
1273 1151 1350 1195 cou-

62 1242 177 1302 iectura
198 1240 322 1302 duratus:
345 1240 442 1319 lqitur
462 1260 520 1323 par
541 1241 707 1323 araqtioreo
730 1240 838 1302 duetus
859 1244 905 1302 rei
924 1236 1068 1322 publicae
1089 1247 1241 1306 colorando
1263 1252 1352 1312 trium

60 1357 184 1418 millium
214 1356 373 1438 labrorum
406 1376 503 1437 opera
536 1376 646 1439 aquam
676 1356 771 1417 ducit.
814 1356 975 1418 Commodo
1005 1360 1024 1421 i.
1049 1377 1076 1419 e.
1105 1360 1135 1420 iu
1167 1364 1350 1427 commodum

62 1473 188 1532 omnium
211 1473 320 1532 civium
344 1476 423 1548 erut,
446 1472 536 1554 quod
550 1490 627 1533 nunc
650 1490 705 1551 per
726 1471 889 1550 urrrplioues
912 1471 1017 1533 ductus
1039 1475 1132 1535 uraior
1149 1493 1242 1557 aquae
1259 1480 1349 1559 copia

61 1585 235 1648 ducebatur.
266 1586 347 1648 idem
364 1587 543 1648 vocabulum
561 1587 651 1648 simili
669 1592 752 1648 sorte
775 1588 912 1649 arture
933 1590 963 1648 iu
982 1588 1050 1650 eliis
1068 1589 1155 1650 libris
1172 1597 1346 1673 corruptum

61 1706 127 1782 est,
151 1703 182 1763 iu
204 1702 273 1764 aliis
294 1705 395 1782 periit.
418 1702 491 1763 Vox
511 1702 603 1782 fater
624 1702 836 1782 amplissimam
858 1701 950 1763 babet
972 1704 1237 1786 significationem,
1260 1726 1346 1772 com-

60 1816 197 1900 plectens
225 1820 329 1880 varios
357 1818 503 1897 opifices,
533 1819 570 1880 de
600 1819 709 1900 quibus
736 1818 894 1878 Frontinus
924 1820 993 1880 Art.
1019 1824 1074 1881 lli
1104 1822 1180 1897 agit.
1223 1822 1346 1889 Numeri

60 1940 156 1996 autem
186 1952 340 2013 operarum
367 1935 478 1995 nucutio
507 1933 647 1995 excusari
673 1951 714 1994 ex
738 1937 917 2012 conatast,
948 1935 1027 2015 quod
1049 1934 1099 1996 alii
1123 1955 1241 2020 quoque
1263 1942 1345 2002 sorl-

60 2052 183 2129 ptores‚
211 2069 244 2110 v.
266 2068 300 2124 g.
323 2048 513 2128 Fenestella,
543 2052 643 2111 mutos
664 2052 800 2127 sunrqrtus
822 2051 851 2109 in
874 2049 966 2128 ipsum
988 2049 1122 2111 Marciae
1144 2070 1247 2134 aquam
1269 2074 1343 2134 per.

60 2165 222 2226 ducendam
246 2167 351 2225 iactus
380 2183 451 2225 esse
479 2165 636 2225 memoriae
664 2165 869 2244 prodiderunt.
912 2164 945 2226 lu
973 2163 1189 2227 lruncmodum
1212 2170 1342 2238 deloco

60 2280 223 2360 depravato
246 2284 416 2342 statueram.
455 2278 517 2341 Sed
540 2297 611 2341 ecee
635 2280 665 2396 iq
687 2296 789 2340 manus
808 2280 935 2340 veniunt
954 2281 1056 2341 variae
1079 2281 1229 2344 lectiones
1252 2289 1341 2350 codi-

59 2396 103 2458 cis
124 2395 222 2458 Puris
250 2395 411 2457 allienniu
434 2396 622 2476 descriptae3
653 2411 773 2476 quarum
802 2411 878 2476 quae
907 2394 945 2454 ad
970 2392 1050 2456 burne
1076 2394 1174 2457 locum
1195 2404 1341 2482 pertinet,

57 2512 102 2574 sio
124 2511 238 2574 habet:
269 2511 461 2594 perduceret.
490 2513 541 2594 qui
563 2507 670 2591 lupide
690 2507 842 2591 quadrata
864 2508 1030 2590 ampliores
1053 2510 1164 2573 ‹luotus
1185 2520 1341 2598 excitauit,

55 2647 169 2712 perque
189 2628 262 2689 iilos
283 2647 393 2710 aquam
415 2645 502 2710 quam
523 2627 748 2708 acquisiverat,
768 2628 847 2706 reip.
870 2643 967 2687 causa
985 2645 1043 2708 per
1063 2647 1158 2707 aqros
1180 2630 1342 2698 Fabiorum

58 2742 155 2806 duxit.
184 2744 214 2803 iu
237 2762 294 2824 qua
314 2741 446 2803 lectione
468 2741 557 2804 rubro
580 2740 685 2802 colore
707 2739 808 2802 deleta
827 2740 916 2802 vides
937 2739 1030 2804 baec:
1058 2748 1110 2825 qui
1135 2745 1244 2828 lapide
1265 2770 1343 2831 qua.

57 2859 147 2922 druto
168 2848 291 2942 perque*
305 2858 378 2920 ittoo
398 2878 508 2943 aquam
530 2876 616 2940 quara
636 2859 846 2941 acquisiverat
861 2861 939 2941 reip.
957 2877 1055 2921 cauca
1067 2880 1126 2942 per
1143 2882 1237 2940 aquas
1253 2866 1341 2934 Fabi.

56 2974 121 3054 „lit
143 2992 244 3035 corum
265 2973 334 3036 loco
357 2971 489 3058 [biennii
510 2974 605 3035 verba
620 2976 706 3051 suni,
727 2971 813 3034 iuxta
829 2973 896 3035 eud.
915 2972 1076 3037 lectionem
1093 2978 1210 3056 posita)
1234 2983 1339 3046 euclem

55 3088 159 3171 coloro
181 3089 268 3168 plura
289 3091 368 3151 inter
390 3089 483 3151 lineas
504 3090 619 3168 scripta
639 3091 725 3167 sunt3
748 3090 781 3151 ut
801 3091 849 3150 ter
869 3090 921 3150 aut
943 3093 1047 3171 quater
1068 3089 1206 3154 librarius
1230 3098 1339 3161 videa.

54 3208 104 3269 tur
131 3205 159 3266 ln
187 3204 370 3267 emendando
398 3205 536 3265 variasse
563 3205 754 3266 senteutiam.
786 3204 965 3282 interposita
985 3202 1054 3284 plus
1076 3206 1172 3268 miuus
1195 3213 1349 3289 accedant

38 3320 90 3382 ¹'ad
112 3320 264 3397 vulgatam
286 3318 479 3381 lectionem.“
522 3318 697 3381 illumineris
718 3317 825 3395 velim,
847 3319 916 3383 cod.
937 3316 1016 3381 bunc
1039 3339 1109 3380 esse
1132 3339 1172 3382 cx
1192 3325 1340 3408 antiquis·
1465 3360 1468 3367 ,

54 3438 130 3498 ulmo
153 3435 318 3515 exemplari
343 3435 541 3513 descriptum,
565 3436 688 3516 eiusque
705 3435 804 3496 varias
822 3434 969 3496 lectiones
987 3453 1120 3512 magnam
1138 3442 1251 3515 purtem
1272 3461 1344 3508 esau

53 3552 208 3630 egregius.
251 3553 347 3613 Etiam
375 3554 479 3612 nostro
506 3551 576 3612 loco
603 3550 707 3612 verbis
736 3548 844 3632 lapide
872 3549 1024 3634 quadrato
1052 3549 1165 3614 eluctus
1192 3561 1342 3624 excitauit

51 3666 123 3728 nibll
149 3671 254 3748 polest
281 3666 391 3744 obiici,
422 3686 509 3748 quirum
532 3667 670 3728 ductuum
693 3667 794 3746 lapide
816 3667 960 3748 quadrato
983 3670 1205 3730 exstructorum
1228 3679 1338 3739 retentio

51 3781 101 3844 ilat
123 3782 209 3844 etiam
232 3784 299 3845 Art.
321 3787 388 3846 124.
411 3786 441 3843 et
463 3781 577 3845 locutio
601 3781 711 3844 ductus
732 3785 870 3844 ructuare
890 3783 931 3842 sit
953 3757 1074 3859 optima.
1116 3783 1192 3846 Tum
1212 3790 1339 3855 lorruula

50 3903 213 3981 acquirere
234 3919 342 3981 aquam
369 3899 398 3960 ln
420 3897 476 3958 hac
498 3916 530 3959 re
552 3898 674 3977 propria
696 3900 761 3975 est,
790 3900 823 3959 ut
845 3895 1002 3958 docebitur
1023 3897 1058 3957 ud
1081 3898 1151 3961 Art.
1169 3905 1198 3966 9.
1242 3900 1336 3970 Unum

50 4017 148 4076 tanuen
171 4015 325 4076 admodum
349 4034 394 4076 me
417 4017 527 4093 vexat,
551 4015 582 4075 id
604 4016 652 4074 est
674 4015 783 4075 mentio
806 4032 947 4093 aqrorraa
968 4011 1143 4094 Fabiorum,
1168 4017 1205 4078 de
1228 4021 1337 4100 qulbus

50 4129 121 4192 milri
144 4132 263 4213 quidem
285 4130 356 4192 nilrll
380 4132 509 4192 constat.
548 4127 714 4217 Quocirca,
737 4130 768 4189 iu
791 4147 823 4188 re
845 4128 959 4190 incerta
982 4128 1099 4207 eleeto,
1123 4134 1201 4211 quod
1224 4139 1336 4200 ceteris

50 4247 164 4309 certius
186 4247 318 4325 uidetur,
342 4247 432 4323 lego:
457 4236 650 4328 perduceret.
675 4242 736 4335 Qui
757 4244 862 4328 lapide
878 4242 1027 4326 quadrato
1044 4247 1208 4326 ampliores
1225 4249 1339 4317 (lucrm

47 4366 214 4441 excitauit,
242 4381 359 4446 perque
385 4363 458 4424 ilios
486 4382 596 4446 aquam
622 4380 709 4444 qaam
730 4364 941 4444 acquisiverat
959 4361 1149 4442 reipublicae
1171 4366 1335 4448 commodo,

46 4521 342 4543 ..........
365 4496 449 4542 orum
470 4478 566 4543 duait.
589 4477 715 4541 Scilicet
737 4478 805 4558 quid
828 4476 894 4538 loco
918 4476 996 4538 illius
1018 4497 1076 4559 per
1097 4497 1192 4557 aqrou
1214 4483 1293 4546 Fabi
1306 4519 1332 4533 -

979 4592 1089 4699 „ur
