2978 4988
536 349 943 432 FRONTINUS

195 584 339 660 vitiabat
365 595 522 660 ceteras:
557 610 661 682 nam,
690 609 776 658 cum
795 583 1011 659 editissimos
1037 586 1154 660 verriat
1179 594 1214 658 et
1239 592 1274 660 in
1299 586 1375 684 pri-

196 702 264 775 mis
303 701 508 799 abundans,
549 702 736 777 defectioni
775 701 919 776 aliarum
957 709 1141 777 succurrit.
1199 702 1377 800 Imperitia

195 841 283 891 vero
310 819 541 915 aquariorum,
569 817 814 893 deducentium
840 819 875 890 in
901 818 1035 894 alienos
1063 844 1142 893 eum
1155 843 1288 918 specus
1303 818 1376 892 sre-

198 934 371 1030 quentiuS,
400 959 503 1033 quam
529 934 747 1032 explemento
775 957 864 1031 opus
892 943 987 1031 erat,
1030 936 1133 1010 etiam
1158 934 1378 1008 sufficientes

197 1075 308 1147 aquas
334 1051 543 1147 inquinabat,
571 1052 721 1124 maxime
748 1047 942 1145 Claudiam,
972 1073 1072 1146 quae,
1099 1051 1283 1148 permulta
1299 1050 1379 1122 mil·

198 1171 244 1242 lra
282 1191 453 1266 passuum
490 1167 630 1266 proprio
670 1164 774 1240 ducta
811 1167 912 1262 rivo,
952 1165 1090 1240 Romae
1127 1166 1265 1241 demum
1300 1190 1379 1240 cum

200 1285 344 1359 Anione
369 1283 559 1382 permixta,
597 1283 633 1355 in
664 1280 732 1356 hoc
763 1291 902 1380 tempus
928 1281 1098 1379 perdebat
1121 1292 1378 1382 proprietatem.

200 1399 379 1498 Adeoque
405 1397 672 1475 obvenientibus
697 1422 767 1472 non
792 1396 1088 1492 succurrebatur,
1128 1410 1166 1471 ut
1190 1398 1402 1495 pleraeque·

201 1524 469 1592 accerserentur
493 1539 558 1611 per
582 1511 847 1612 imprudentiam
871 1537 940 1587 non
965 1515 1014 1586 uti
1040 1513 1182 1611 dignum
1205 1522 1280 1587 erat
1295 1538 1380 1612 par-

200 1634 376 1724 tientium3
402 1631 574 1705 Marciam
598 1639 637 1702 ut
661 1629 785 1728 ipsam,
812 1627 1000 1726 splendore
1026 1642 1063 1704 et
1088 1629 1219 1728 frigore
1245 1635 1381 1727 gratis·

202 1748 338 1842 simam,
365 1745 500 1821 balneis
527 1770 570 1818 ac
594 1744 786 1819 fullonibus
813 1753 848 1818 et
871 1744 985 1819 relatu
1010 1768 1147 1843 quoque
1174 1736 1286 1821 loedis
1312 1751 1381 1817 mi-

128 1861 179 1938 92
202 1864 355 1938 nistoriis
388 1859 722 1960 deprehenderimus
753 1859 976 1934 servientem.
1027 1859 1165 1938 Omnes
1190 1885 1278 1960 ergo
1305 1858 1381 1933 dis-

204 1979 300 2053 cerni
325 1977 465 2075 placuit,
491 1987 564 2050 tum
589 1975 750 2074 singulas
775 1976 823 2048 ita
849 1975 1017 2073 ordinari,
1043 1987 1082 2051 ut
1098 1979 1133 2051 in
1146 1977 1266 2076 primis
1279 1977 1382 2050 Mar·

203 2094 257 2169 cia
291 2093 387 2193 potui
419 2103 492 2167 tota
517 2093 689 2187 serviret,
732 2100 767 2165 et
803 2089 970 2191 deinceps
1003 2093 1158 2191 reliquae
1191 2090 1384 2168 secundum

203 2233 306 2283 suam
332 2232 492 2306 quaeque
518 2207 718 2307 qualitatem
743 2208 833 2306 aptis
849 2207 975 2283 usibus
988 2211 1264 2307 assignarentur,
1292 2210 1386 2283 sicut

202 2325 301 2403 Anio
327 2324 446 2399 Vetus
484 2325 644 2424 pluribus
678 2349 723 2399 ex
750 2325 894 2421 causis,
935 2349 1003 2420 quo
1041 2325 1183 2399 inferior
1215 2325 1386 2422 excipitur

203 2442 318 2518 minus
343 2441 518 2545 salubris,
557 2441 592 2518 in
629 2441 807 2517 hortorum
847 2442 1053 2540 rigationem
1080 2453 1185 2538 atque
1213 2443 1248 2516 in
1271 2441 1386 2540 ipsius

109 2676 404 2694 m*

212 2808 324 2887 alglum
349 2807 620 2890 deprebcad'tmoa3
643 2810 674 2869 ct
694 2812 851 2890 postquam
873 2805 1123 2890 deprehendimur
1143 2812 1293 2883 evaserat,
1314 2825 1404 2888 par-·

211 2907 305 2971 ticula
324 2916 359 2969 nt
379 2907 505 2968 delenda
525 2924 596 2968 esse
618 2907 783 2968 videbatur.

251 3021 312 3105 apl.
334 3031 365 3085 et
384 3025 486 3103 ripere
505 3025 569 3102 pr.)
599 3022 718 3102 srtpore
739 3021 811 3084 Sol.
833 3019 883 3083 Cl.
900 3021 969 3085 Art.
991 3026 1041 3083 93.
1064 3020 1128 3083 Sed
1148 3039 1250 3083 verum
1273 3026 1321 3084 est
1341 3026 1388 3084 rt-

208 3141 294 3205 pore.
334 3121 411 3184 Plin.
440 3122 538 3200 Epist.
566 3128 597 3199 8,
619 3125 650 3198 8,
668 3125 697 3181 4.
725 3119 801 3182 Plin.
823 3120 862 3183 H.
883 3120 921 3183 N.
944 3120 1014 3184 Vll.
1033 3140 1065 3200 p.
1087 3123 1137 3184 50.
1159 3120 1248 3182 color
1267 3132 1321 3182 aut
1341 3126 1388 3184 rt-

211 3242 278 3304 por.
321 3221 371 3286 cf.
392 3220 507 3284 XXXl.
528 3240 558 3299 p.
580 3224 630 3282 99.
652 3223 732 3298 etp.
758 3224 827 3282 102.
868 3220 900 3283 A
922 3218 973 3296 Gr.
996 3216 1098 3300 ῥῖἵος.
1119 3218 1258 3282 uulnu.
1287 3224 1390 3301 ripere

212 3342 253 3385 ex
278 3321 346 3384 edd.
367 3321 491 3400 repetiit
513 3321 600 3382 etiam
622 3318 689 3383 Pol.
726 3318 789 3381 Sed
811 3337 871 3397 ego
893 3321 922 3381 ln
946 3319 971 3383 G
993 3321 1100 3381 video:
1124 3306 1322 3401 splenderet
1343 3324 1390 3381 rt·-

211 3439 286 3502 qore
308 3430 341 3483 et
358 3428 439 3502 prat.
462 3437 581 3500 exque
603 3417 714 3481 librarii
734 3419 868 3481 codicum
890 3417 917 3480 U
939 3418 1102 3480 Vleeere:
1139 3419 1201 3500 apl.
1231 3424 1261 3480 iu
1288 3423 1390 3500 rapere

212 3532 243 3586 et
272 3541 321 3602 pr.
364 3520 433 3596 ligo
466 3519 563 3580 fuisse
584 3520 686 3598 petius
707 3518 827 3599 primam
849 3537 960 3581 manum
982 3518 1110 3579 arbitror
1135 3519 1300 3600 splendore
1325 3517 1390 3597 fri-

212 3638 303 3702 pore‚
334 3617 505 3700 particulam
537 3621 634 3680 autem
659 3627 691 3679 et
712 3616 808 3680 locum
830 3621 971 3682 mutasse.
1004 3617 1121 3679 Etenim
1143 3616 1260 3680 litterae
1281 3622 1293 3679 ἰ
1315 3619 1390 3699 ets,

213 3724 265 3782 aut
285 3737 386 3799 parurn
410 3716 548 3779 inlibris
578 3720 630 3779 aut
650 3715 725 3785 nihil
746 3717 937 3795 differentes,
966 3715 1035 3794 plus
1058 3717 1150 3779 semel
1177 3721 1389 3798 permutantur.

213 3818 356 3881 Profecto
378 3819 463 3896 ripor
483 3815 563 3878 laudi
580 3833 649 3879 esse
670 3835 763 3899 aquae
785 3836 843 3880 non
865 3819 983 3898 potest3
1009 3813 1143 3879 laudatur
1163 3821 1259 3879 auteur
1272 3817 1390 3901 ,frique

213 3915 263 3983 Gt.
283 3915 412 3981 Anuott.

251 4032 438 4115 fullonibus)
458 4031 479 4093 J
499 4034 531 4095 ct
551 4048 618 4097 reo:
639 4033 812 4113 fullonicis.

251 4149 375 4232 foedis)
399 4148 442 4214 C:
462 4149 562 4232 fidele.
584 4148 612 4211 U
630 4149 677 4212 V:
696 4148 780 4230 fidia.

147 4271 181 4323 92
254 4261 405 4351 reliquae]
427 4264 505 4326 lldd.
528 4267 598 4328 vet:
618 4265 820 4348 reliquaeque.

257 4400 392 4467 quaeque
414 4381 537 4464 quatu.)
565 4381 658 4446 VF:
681 4399 826 4466 quamque
844 4381 1015 4444 utilitatem.

256 4499 401 4587 insertor)
423 4501 490 4566 Pol.
511 4505 545 4568 et
563 4501 676 4566 llelnr:
697 4507 833 4569 interior.
855 4525 888 4565 v.
909 4501 1037 4581 A¹¹¹¹⁰lb
