2978 4988
470 342 543 418 uu
568 341 759 437 AOUAE
784 341 1065 425 buculcus.
1335 338 1407 415 119

133 599 214 671 eae,
252 598 342 670 quac
376 601 438 672 per·
469 575 596 649 llumen
627 577 854 649 traiiciuntur.
904 576 1063 674 Ideoque
1094 576 1182 651 haec
1207 601 1314 673 opera

132 691 282 765 sollicita
308 692 528 765 festinatione
554 691 760 789 explicanda
785 703 876 766 sunt.
907 693 1030 767 Minus
1054 690 1199 767 iniuriae
1225 693 1315 765 sub-

131 813 247 880 iacent
274 808 522 900 subterranea,
556 831 622 880 nec
648 807 824 904 gelicidiis
849 833 915 883 nec
941 808 1118 883 caloribus
1145 810 1316 906 exposita.

132 923 231 996 vitia
258 936 375 997 autern
401 922 575 997 eiusmodi
600 934 699 1016 sunt,
727 935 766 996 ut
790 935 850 997 aut
874 949 944 998 non
965 925 1181 1022 interpellato
1204 947 1316 1019 aquae

132 1063 241 1112 cursu
280 1040 508 1114 subveniatur
546 1041 618 1131 εἰς,
659 1049 719 1112 aut
756 1040 932 1114 emendari
971 1041 1041 1113 nisi
1080 1064 1208 1114 averso
1246 1063 1315 1112 non

131 1157 288 1251 possint,
322 1155 414 1228 sicut
446 1178 505 1247 ea,
540 1179 630 1251 quae
662 1157 696 1227 in
729 1157 806 1252 ipso
839 1157 944 1229 alveo
969 1157 1044 1229 lieri
1070 1179 1222 1229 necesse
1250 1165 1315 1227 est.

132 1271 234 1344 Haec
268 1270 396 1368 duplici
430 1295 475 1344 ex
508 1295 617 1344 causa
648 1282 857 1345 nascuntur:
894 1287 954 1346 aut
986 1278 1077 1346 eninr
1111 1272 1193 1345 lirno
1226 1264 1415 1342 con-1⁶22

133 1399 334 1483 crescente,
364 1388 421 1483 qui
447 1387 617 1463 interdum
643 1389 679 1462 in
704 1402 858 1463 crustam
883 1389 1091 1481 indurescit,
1119 1389 1185 1465 iter
1205 1410 1315 1483 aquae

173 1749 228 1800 out
255 1743 355 1820 enirn)
384 1739 475 1800 Enim
503 1757 543 1799 ex
573 1739 640 1803 GJ
665 1742 800 1815 restitui,
830 1760 895 1802 cunr
921 1760 939 1802 a
966 1741 1078 1802 ceteris
1104 1739 1192 1800 libris
1225 1737 1312 1799 absit.
1351 1754 1396 1806 122

173 1840 359 1918 indurescit)
383 1839 427 1900 lta
444 1839 533 1900 video
557 1841 586 1901 in
609 1839 692 1917 CU,
716 1842 903 1920 restituitque
921 1841 976 1901 iarn
994 1838 1066 1901 Sclr.
1079 1839 1126 1900 V:
1149 1838 1315 1900 adureccr'l.

133 1939 215 2002 llud:
245 1940 389 2003 durescit.
433 1942 560 2003 ScilIcct
586 1939 686 2002 littera
711 1962 738 2001 m
761 1939 900 2001 vocabuli
923 1940 1134 2019 praecedentis
1155 1936 1317 2018 praeposi-

128 2044 239 2103 ticucrn
266 2041 432 2102 absorbuit.

173 2146 232 2202 iler
253 2160 303 2222 up.
327 2141 444 2220 ecurt.)
480 2140 547 2201 Vl*
569 2144 600 2202 ct
621 2141 670 2203 ed.
691 2159 757 2218 pn,
780 2142 848 2203 item
870 2139 937 2202 Pol.
962 2144 993 2202 et
1013 2140 1217 2220 posteriores:
1241 2141 1316 2197 iter-

131 2261 187 2323 puc
215 2260 313 2322 aquae
342 2248 526 2301 coarctatur.
557 2239 638 2299 nullu
665 2241 804 2317 syntaxi,
834 2259 908 2320 quac
936 2239 1042 2300 saltenr
1063 2238 1180 2313 flagitet
1202 2254 1317 2318 quoque

133 2342 170 2417 ti.
194 2360 223 2400 c.
253 2345 284 2400 et
311 2358 369 2419 quo
397 2339 490 2412 linio)
520 2343 578 2399 iter
605 2357 656 2420 ap.
685 2358 771 2399 cour.
814 2339 854 2399 d:
883 2341 999 2419 iterque
1019 2357 1118 2420 apuue
1140 2344 1259 2396 coarto.
1288 2339 1319 2392 ct

131 2458 207 2522 quae
236 2456 276 2498 ex
304 2456 341 2498 ea
355 2438 482 2526 ¹llorere
510 2438 588 2500 edd:
617 2442 733 2519 iterque
754 2457 805 2520 cp.
829 2446 979 2499 coarctor.
1008 2437 1087 2517 quod
1108 2434 1224 2513 recepit
1246 2430 1318 2493 Scb.

83 2530 86 2535 ’
131 2538 182 2598 Sic
205 2541 286 2598 recte
309 2537 425 2618 quidem
449 2536 586 2616 procedit
607 2536 701 2598 oratio
732 2534 808 2621 (qui
828 2534 997 2597 indurescit
1018 2544 1048 2598 et
1069 2540 1119 2614 pur·
1141 2540 1197 2595 iter
1220 2551 1315 2594 cour-

131 2632 217 2715 tut];
248 2637 301 2697 scd
330 2635 405 2697 lraec
428 2636 520 2698 lectio
542 2635 612 2697 nibil
636 2639 684 2698 est
704 2637 762 2697 nlsi
785 2636 950 2712 correctio,
980 2634 1144 2696 consimilis
1167 2634 1214 2710 el,
1243 2649 1318 2713 quae

131 2740 160 2799 ln
183 2736 252 2797 edd.
276 2740 346 2814 post
367 2736 385 2796 J
408 2737 436 2795 in
458 2754 542 2816 seqq.
565 2734 812 2815 deprehenditur:
840 2745 896 2797 aut
912 2739 1058 2810 lectorio,
1080 2733 1161 2816 quod
1182 2752 1321 2793 corrum-

128 2842 212 2920 pitur
241 2833 301 2915 [Bt
324 2834 406 2916 quod
427 2845 481 2896 aut
502 2844 561 2898 tce.
585 2839 690 2907 conl:
719 2835 836 2896 scilicet
857 2835 992 2916 quoniam
1016 2836 1047 2897 in
1068 2832 1316 2912 praecedentibus

132 2937 238 2997 dicitur
267 2945 321 2995 uut
348 2937 417 2995 limo
449 2943 679 3011 concrescente,
712 2933 777 3013 lric,
806 2939 838 2999 ut
864 2933 969 2995 similis
996 2934 1142 2995 orationis
1169 2933 1315 2993 eliciatur

132 3036 230 3110 color,
265 3038 428 3095 conectam
463 3039 531 3096 est:
565 3045 620 3095 aut
644 3039 789 3110 lecturio,
822 3034 905 3116 pund
933 3037 1146 3114 corrumpitur,
1179 3050 1234 3110 pro
1264 3041 1317 3092 out

129 3138 258 3196 tectorio
282 3142 437 3215 corrupto.
468 3133 572 3216 Neque
596 3134 681 3196 etianr
704 3136 734 3194 in
755 3133 782 3196 U
804 3134 923 3209 integra
945 3133 1102 3212 scriptoris
1122 3150 1223 3191 uranus
1245 3149 1314 3190 ser-

129 3244 230 3308 vatur,
265 3232 449 3294 exhibente:
482 3239 618 3316 interque
649 3253 748 3314 aquae
779 3242 947 3295 coartatur.
991 3231 1069 3319 Quid
1104 3231 1230 3308 denique
1263 3223 1314 3290 Gi

129 3337 278 3415 Scriptum
308 3333 336 3392 in
365 3352 402 3393 eo
435 3335 525 3393 video
555 3334 617 3394 sio:
646 3336 749 3413 itaque
778 3329 834 3412 (ot
856 3332 964 3393 litteris
987 3334 998 3391 i
1020 3335 1051 3391 ct
1072 3349 1093 3390 u
1113 3328 1193 3388 linea
1215 3330 1313 3404 impo-

128 3442 228 3506 natur)
243 3427 399 3507 coartar2;
422 3434 554 3494 niorirunr
572 3428 778 3514 prdidoque,
799 3433 818 3490 i.
836 3450 863 3495 e.
886 3436 963 3493 incer
979 3449 1088 3512 aquae.
1113 3429 1209 3488 derata
1226 3427 1313 3488 etiarn

127 3536 221 3597 altera
253 3533 459 3609 negligentia,
493 3532 587 3593 lrabes
614 3527 752 3615 istaque,
793 3537 824 3592 ct
860 3532 887 3591 in
922 3549 958 3591 eo
991 3529 1150 3606 genuinam
1179 3526 1312 3590 l'rontlni

128 3654 239 3695 rnanurn
256 3638 313 3695 iter
329 3653 429 3716 crpuue
450 3642 619 3693 coartatur.
657 3631 771 3693 Positis
787 3637 857 3709 post
878 3639 1044 3691 naseuntur
1065 3627 1181 3689 duobus
1197 3628 1314 3706 punctis

128 3733 199 3815 [pro
223 3741 385 3808 conrnratc,
414 3733 491 3814 quod
513 3731 610 3793 adhuc
629 3729 791 3812 obtinuit),
820 3732 990 3811 coniunge:
1017 3732 1069 3790 aut
1090 3727 1161 3788 liure
1183 3744 1311 3788 concre-

126 3842 232 3896 scente
254 3835 310 3894 itcr
332 3852 424 3914 equae
449 3838 613 3907 coartatur,
642 3835 692 3892 aot
714 3831 841 3892 tectoria
862 3834 1095 3905 corrumpuntur.
1137 3825 1220 3888 n'tlnt
1238 3846 1312 3895 ,ccr-

126 3936 195 3996 tius.
218 3966 259 3976 --
291 3936 384 4019 Quam
408 3951 468 4008 ego
491 3928 711 4008 investigandis
732 3929 845 3990 codicis
866 3925 892 3991 G
914 3927 1057 4004 vestigiis
1078 3927 1312 3989 enrcnrdationern

126 4032 240 4107 dobeo,
275 4050 337 4093 canr
365 4030 566 4093 Heinriclrinnr
596 4049 651 4091 suo
683 4030 807 4107 ingenio
837 4028 926 4089 video
956 4045 1025 4089 csso
1054 4031 1241 4105 assecutum,
1274 4028 1311 4088 ud

125 4136 240 4213 iterque
259 4135 468 4193 manentem:
497 4130 590 4208 „dole
612 4128 701 4215 pue.“

166 4230 272 4302 errae)
302 4230 328 4293 U
344 4230 386 4292 F:
410 4230 544 4295 Parcae.
574 4228 619 4295 Vt
642 4228 756 4290 l'oruc.

165 4332 249 4411 tofo)
286 4330 330 4391 ltu
355 4330 399 4407 Ἐς
428 4332 476 4391 cui
504 4329 676 4391 consentire
704 4333 828 4407 apparet
857 4326 952 4401 GU,
980 4344 1102 4409 quotuor
1131 4344 1204 4385 unus
1230 4334 1310 4400 toto,

123 4429 199 4491 alter
220 4440 302 4490 loco.
344 4429 390 4491 V:
414 4437 530 4513 puopuu
551 4433 708 4507 impetere.
748 4427 852 4508 Vulgo
875 4426 977 4508 topbo.
1000 4459 1041 4469 —-
1073 4425 1231 4487 l'criodun
1253 4424 1311 4488 Pi-

124 4527 351 4591 too-locuntur
372 4527 444 4597 Scir.
468 4528 596 4606 spurium
620 4529 740 4591 iudicet.
