2978 4988
495 342 935 435 ANNO'I’A'HONES.
1283 347 1357 424 180

75 574 146 643 Art.
161 576 222 660 3),
243 578 363 641 videtur
384 596 425 640 ox
447 577 495 639 iris
517 579 739 658 colligendum,
758 579 912 660 formulas
932 579 1116 644 modulorum
1137 581 1196 644 inor
1218 586 1287 648 loeo
1309 591 1355 650 si-

75 694 220 772 gnificare
239 695 361 775 fistulas
381 715 599 772 mensurarum,
626 698 677 756 aut
698 696 725 755 si
746 696 840 755 mavis
860 697 978 758 eutices
999 701 1094 779 ipsos.
1137 699 1228 762 Pon.
1271 703 1357 790 Quas

76 810 285 888 interpretatio
306 809 570 890 alexioographis
584 814 708 890 receptu
723 815 789 871 est:
811 809 894 872 berte
911 810 941 870 in
958 810 1119 874 Voreeliini
1141 816 1219 877 Lex.
1237 838 1267 879 v.
1282 822 1356 900 sor.

74 927 173 1000 mulo,
194 927 294 986 citatis
311 926 443 987 Frontini
463 925 564 987 verbis
580 929 638 998 (ex
654 924 762 987 Potoni
779 925 943 1002 tentione),
963 925 1117 1005 formulae
1132 931 1269 996 dicuntur
1285 955 1357 1001 essa

75 1040 213 1119 fistulae,
236 1041 319 1117 tubi,
341 1043 430 1102 etiam
449 1043 571 1121 soranae
591 1046 730 1104 vocatae.
773 1040 842 1117 ugo
863 1039 953 1102 aliter
973 1043 1084 1103 sentio.
1126 1045 1268 1111 Nimirum
1288 1073 1355 1115 mo.

75 1158 159 1233 doti,
188 1163 221 1219 ut
245 1157 399 1238 plerisque
426 1156 558 1219 Frontini
586 1156 682 1236 loeis,
710 1158 756 1218 sio
778 1155 836 1217 hoo
858 1175 995 1238 quoque,
1023 1164 1093 1221 sunt
1109 1161 1247 1243 fistulae,
1275 1173 1355 1250 quod

76 1292 183 1335 nomen
212 1273 242 1333 in
270 1273 484 1352 sequentibus,
513 1275 688 1353 praesertim
715 1274 745 1333 in
771 1292 836 1354 seq.
863 1273 1066 1352 descriptione
1095 1277 1125 1337 in
1153 1279 1355 1349 iniustorum

76 1390 235 1450 snoorssit.
279 1388 425 1450 Formulu
449 1392 546 1450 autem
568 1406 674 1449 nomen
697 1407 903 1471 nonnunquam
925 1408 943 1447 a
964 1389 1106 1451 Romanis
1128 1393 1266 1459 tribuitur
1287 1403 1356 1464 orti-

76 1504 153 1566 lihet
173 1507 235 1582 rei,
261 1521 338 1584 quae
361 1505 390 1564 in
411 1503 539 1585 aliquam
561 1504 680 1565 formam
703 1504 825 1565 redacta
846 1507 911 1581 est,
940 1509 971 1567 et
991 1505 1064 1566 nihii
1087 1508 1186 1570 ditiori
1207 1529 1224 1571 a
1243 1514 1355 1595 fornia,

74 1624 162 1684 ouius
184 1623 232 1682 est
252 1620 467 1680 diminutivum.
499 1620 578 1681 Sunt
598 1621 692 1695 igitur
711 1619 864 1699 formulae
883 1620 1071 1683 modulorum
1093 1623 1205 1688 formae
1227 1634 1258 1691 et
1279 1631 1355 1695 ima-

74 1737 164 1814 gine·
192 1733 393 1812 modulorum,
422 1753 477 1796 seu
506 1735 565 1813 ipsi
593 1733 702 1795 moduli
731 1736 869 1797 formati:
899 1737 1010 1815 paritor
1029 1743 1119 1820 atque
1140 1743 1218 1821 apud
1240 1744 1355 1814 Pallan.

74 1852 168 1916 Vl.9
195 1851 346 1931 formulae
370 1869 529 1912 noseorum
554 1853 625 1911 sunt
651 1852 762 1911 somme
789 1855 821 1911 et
846 1852 992 1927 imagines
1015 1872 1187 1935 caseorum,
1219 1878 1272 1922 seu
1295 1864 1356 1944 ipsi

73 1970 157 2031 esaei
180 1968 307 2029 formati.
329 1966 416 2027 Voce
435 1966 570 2046 formata
592 1971 696 2027 noster
716 1967 917 2046 supersedere
938 1974 1058 2047 poterat
1079 1975 1110 2032 ot
1132 1974 1263 2037 seribere
1286 1982 1356 2043 tan.

72 2090 155 2147 tum:
177 2081 341 2156 Modestus,
362 2084 414 2162 poi
429 2091 522 2146 eunt:
542 2098 605 2141 uam
623 2080 865 2164 insequentibus
882 2101 1021 2164 nusquam
1040 2087 1078 2146 de
1092 2087 1234 2166 formetis
1255 2111 1355 2158 sermo

73 2198 202 2280 amptius
224 2201 291 2275 est,
319 2197 373 2257 sed
394 2196 512 2259 moduli
533 2199 643 2257 tantum
665 2199 854 2276 spectantur,
882 2198 919 2257 ad
943 2199 1140 2280 modulosque
1162 2223 1355 2285 semperne.

71 2317 221 2393 curritur,
243 2333 276 2373 v.
294 2330 326 2388 g.
349 2317 400 2393 qui
419 2320 510 2388 suan
531 2310 698 2372 emendatis
719 2330 816 2392 quoa,·
838 2316 891 2392 pur·
910 2331 969 2374 ooo
989 2323 1059 2375 sunt
1078 2318 1109 2375 io
1130 2337 1186 2378 usu
1207 2322 1333 2386 moduli.

155 2449 258 2493 omnes
277 2462 320 2472 -
340 2428 486 2504 subiecti)
508 2424 635 2502 Omnes,
656 2426 694 2487 im
712 2427 844 2490 (innuen.
877 2428 946 2489 Art.
964 2433 1020 2492 64:
1043 2432 1073 2490 iri
1089 2435 1242 2497 universo.
1273 2439 1356 2504 Sut-

72 2554 160 2627 ieeti,
182 2544 309 2623 adiecti,
332 2544 481 2623 impositi,
502 2543 614 2620 induti,
637 2560 695 2624 quo
717 2541 811 2603 verbo
834 2542 921 2604 modo
944 2544 1092 2607 utebatur.
1135 2547 1272 2614 Huert
1354 2628 1357 2635 Ι

156 2662 291 2740 subieci)
320 2660 397 2720 inim
417 2659 524 2738 posui,
554 2658 731 2737 percensui,
758 2676 864 2737 nempe
885 2657 955 2721 nm
971 2662 1011 2722 39
1027 2693 1067 2705 —-
1083 2666 1134 2723 61.
1177 2664 1258 2729 ldem
1281 2689 1356 2733 ver-

71 2783 141 2845 sum
162 2779 231 2842 Art
250 2781 300 2838 aa
322 2781 389 2837 ros.
410 2777 477 2835 ror.
497 2778 566 2835 no.
708 2756 720 2773 ‘
1348 2842 1357 2854 ,

157 2895 302 2958 directum
321 2893 366 2954 ari
386 2893 549 2964 rationem)
571 2889 605 2951 ln
627 2892 675 2951 est
695 2893 805 2951 restam
827 2890 1042 2972 strationem,
1066 2894 1200 2958 nimirum
1217 2901 1247 2961 in
1265 2901 1356 2966 Prin.

72 3011 152 3091 ripis
179 3008 398 3070 connnentsriis
419 3007 623 3069 constitutam.
665 3004 750 3066 Haeo
770 3010 866 3067 autem
889 3008 983 3068 veria
1003 3013 1175 3072 necessario
1198 3016 1357 3081 reserenda

72 3130 143 3189 sunt
172 3125 210 3185 ad
237 3124 394 3204 sequentia
420 3120 588 3184 emendans
615 3129 781 3201 quartum
810 3125 842 3182 ut
861 3123 1013 3184 sententia
1033 3126 1074 3186 sit
1093 3124 1187 3187 haee:
1217 3134 1358 3210 quattuor

73 3240 218 3318 modulis,
242 3258 319 3322 quos
339 3238 450 3320 aquarii
473 3240 675 3314 novaverant,
698 3236 863 3298 emendatis
881 3237 918 3298 ad
933 3242 1043 3299 rectam
1060 3240 1220 3319 rationem,
1243 3245 1358 3330 nequa

72 3360 143 3418 ante
165 3356 257 3418 locuti
280 3373 391 3414 sumus.
432 3351 561 3414 Seilinet
582 3350 693 3411 moduli
710 3370 728 3412 a
744 3353 878 3432 quinaria
894 3353 932 3413 ad
948 3358 1102 3415 centenum
1119 3355 1255 3420 vicenum
1273 3368 1357 3429 erant

72 3471 165 3533 XXV
196 3471 359 3531 seeundum
392 3469 534 3530 rationem
566 3485 584 3526 a
611 3467 750 3528 Frontino
779 3467 915 3531 utiatama
948 3469 1003 3530 sed
1029 3473 1142 3551 aquarii
1169 3484 1357 3545 novaverant

73 3592 214 3669 quattuor
235 3586 390 3660 mundulos,
412 3584 520 3664 quibus
541 3582 690 3660 servatis,
712 3583 823 3644 moduli
845 3585 977 3646 inissent
1002 3584 1119 3647 XXIX.
1163 3587 1221 3650 Hie
1243 3593 1355 3677 itaque,

72 3707 229 3783 postquam
251 3702 411 3762 Frontinus
433 3701 600 3778 scripserat
620 3698 757 3760 modulos
779 3717 850 3760 esse
872 3700 975 3778 XXV,
997 3704 1197 3764 necessarium
1219 3713 1300 3790 erat,
1323 3718 1358 3775 ut

73 3817 259 3885 declararet,
287 3817 425 3878 modulos
444 3831 517 3875 esse
538 3814 640 3892 XXV,
668 3814 724 3875 sen
745 3816 912 3877 emendatis
939 3813 982 3897 (1.
1000 3835 1030 3878 e.
1051 3815 1178 3898 ablatis)
1205 3828 1355 3906 quattuor,

73 3951 150 4014 quos
171 3935 284 4013 aquarii
306 3932 503 3993 novaverant.
536 3928 625 3994 POL.
656 3928 784 3991 Primum
806 3931 1054 4006 significationem
1076 3932 1138 3994 iliis
1161 3935 1281 4000 directa
1300 3961 1358 4005 ra-

73 4053 116 4110 tio
143 4046 299 4109 aPoieno
322 4047 484 4109 subiectam
506 4046 624 4106 minime
645 4046 706 4108 iert
727 4045 872 4107 latinitas.
914 4048 989 4110 Tum
1017 4050 1184 4113 emendatis
1211 4053 1287 4116 maie
1308 4057 1358 4119 in-

73 4165 227 4226 tellectum
250 4166 300 4225 est
315 4167 347 4224 et
363 4164 598 4241 interpretatum.
632 4159 768 4243 Denique
784 4179 925 4243 nusquam
942 4163 1050 4225 dieitur
1072 4166 1129 4238 (ot.
1149 4166 1215 4227 Art.
1232 4172 1284 4229 31.
1301 4175 1358 4246 31)

73 4284 106 4341 et
128 4278 232 4340 iaisnm
255 4281 318 4355 est,
341 4278 436 4338 tuisse
457 4276 595 4338 modulos
615 4276 716 4351 XXV,
737 4276 879 4358 exeeptis
900 4281 1055 4359 quattuor,
1078 4299 1155 4362 puros
1171 4283 1282 4361 aquarii
1298 4304 1359 4347 no.

73 4398 236 4471 vsvemnt,
258 4394 288 4454 in
305 4393 448 4453 universo
464 4390 577 4454 XXIX
582 4408 593 4474 3
615 4392 671 4454 sed
693 4392 777 4454 iuore
800 4411 903 4454 omnes
923 4393 1025 4472 XXV,
1047 4414 1105 4477 quo
1128 4415 1247 4458 nonrero
1268 4402 1359 4465 etiam

72 4512 212 4592 quattuor
233 4507 276 4571 itti
299 4507 507 4589 eontinentur,
530 4510 564 4572 ut
583 4525 623 4570 ex
645 4525 736 4570 censu
759 4508 943 4571 modulorum
960 4510 1051 4575 XXV
1066 4511 1102 4572 ab
1119 4513 1242 4576 Artas
1264 4534 1360 4600 usqua
