2978 4950
153 309 229 384 roe
575 310 1017 394 ANNO'PA'I'IONES.
1128 320 1130 324 ’
1220 420 1231 452 (

151 568 308 631 reponam,
331 567 407 611 nunc
426 567 484 609 non
503 547 620 627 liabeo,
641 548 700 611 nisi
723 565 762 608 ex
780 549 821 610 al.
837 549 923 610 libris
944 547 1062 629 placeat
1080 554 1169 617 triten
1191 546 1315 614 millium
1337 545 1436 634 operd

149 667 317 749 fabrorum.

233 782 459 855 Fenestellam)
487 781 518 842 ls
540 784 606 859 est,
634 780 684 865 qui
705 784 785 844 visit
804 778 861 844 eulo
882 783 1021 862 Aepusto
1042 789 1073 844 et
1094 779 1168 845 obiit
1188 787 1353 844 novissimo
1380 785 1434 846 m·-

151 900 227 964 berit
252 900 399 963 Caesario
423 900 614 978 principatu,
643 905 677 958 ut
695 902 742 959 eit
761 896 882 960 Plinius
888 915 904 973 ,0
931 897 989 961 vel·
1003 906 1038 958 ut
1056 895 1227 974 liueeliue,
1254 900 1356 962 Gumis
1377 900 1433 961 de-

150 1019 244 1087 cessit
264 1013 319 1076 sui
341 1015 502 1093 Auposto:
527 1012 709 1095 scripsitque
731 1012 867 1076 Annales
888 1031 923 1074 ae
944 1012 1002 1074 alla
1024 1031 1132 1094 opera3
1160 1017 1246 1077 euius
1269 996 1433 1093 irag'mentn

149 1134 270 1194 exstant
291 1130 367 1190 inter
388 1129 506 1213 Fragor.
528 1128 608 1190 Hist.
630 1126 721 1206 veo,
747 1126 824 1210 quae'
845 1145 910 1190 eum
931 1128 1010 1191 notis
1032 1130 1073 1191 A.
1094 1129 1224 1209 Popmae
1246 1131 1435 1211 reperiuntur

148 1249 184 1309 ad
207 1241 317 1308 calcem
342 1243 483 1305 editionis
505 1242 542 1308 (i.
560 1242 661 1323 Crispi
679 1242 816 1307 Sallustii
838 1236 999 1306 adornatae
1021 1245 1058 1306 eh
1079 1243 1109 1306 J.
1126 1246 1237 1306 Wasse
1255 1242 1430 1321 Cantabrig.

151 1366 240 1425 nro.
283 1360 316 1421 ln
339 1378 375 1420 ea
397 1364 493 1420 tamen
515 1357 693 1421 collectione
714 1358 787 1421 nihss
810 1363 874 1432 cst,
896 1361 977 1441 quod
998 1379 1058 1422 rem
1081 1364 1210 1422 nostram
1232 1359 1379 1437 illustret,
1402 1361 1431 1421 el

147 1480 242 1541 nostri
265 1477 325 1538 loci
347 1476 458 1535 mentio
481 1472 572 1535 nulla.
616 1471 756 1537 Ceterum
776 1479 933 1555 putamus,
956 1475 1028 1538 nibil
1050 1477 1201 1556 pertinere
1224 1475 1361 1537 adhunc
1383 1476 1431 1536 io.

147 1613 211 1656 eum
234 1592 365 1654 notitiam
387 1588 727 1657 Pseudo-Fenestellae
750 1594 840 1661 (vere
862 1589 1003 1653 Andreae
1025 1584 1130 1653 Fioclri
1152 1591 1358 1669 morentini),
1382 1593 1430 1674 qui

145 1698 277 1771 libellum
303 1709 339 1767 de
361 1705 591 1782 Magistratibus
612 1706 744 1784 scripsit.
777 1704 869 1768 POlr.
901 1706 1073 1770 Fenestella
1094 1709 1123 1768 in
1145 1705 1257 1769 Annal.
1279 1706 1430 1784 Scaliger.

145 1824 180 1886 ad
203 1823 315 1884 Eusob.
338 1841 369 1900 p.
392 1825 460 1882 183.
482 1819 513 1883 b.
539 1820 633 1882 Heer.
656 1821 678 1882 F
681 1823 743 1882 ont.
763 1820 844 1882 Plnt.
865 1841 897 1902 p.
918 1809 985 1884 ite.
1015 1821 1092 1884 Plin.
1114 1823 1154 1884 11.
1176 1823 1213 1885 N.
1237 1827 1286 1885 33.
1309 1843 1340 1902 p.
1359 1828 1430 1885 212.

144 1939 283 2001 Hlilb'ii.

224 2072 283 2115 uon
313 2050 489 2132 sufficiebat
515 2055 648 2130 spatium
675 2050 862 2129 Praetores)
890 2049 1006 2116 Plinius
1037 2051 1204 2135 [xxxvi.
1228 2050 1284 2132 15)
1316 2055 1429 2129 scribit,

141 2169 285 2233 Marcium
314 2186 416 2250 aquam
447 2171 525 2230 inter
545 2166 718 2229 Praeturue
738 2189 814 2232 eune
835 2163 952 2253 tempus
981 2171 1163 2247 adduxIme,
1196 2171 1356 2231 universim
1380 2170 1428 2230 lo-

142 2289 230 2348 cutus
253 2289 284 2346 et
305 2287 499 2364 prorogatum
523 2284 728 2361 magistratum
752 2302 812 2347 non
826 2302 950 2360 curans.
1351 2369 1356 2377 ι

223 2399 297 2462 aliis
319 2419 358 2462 es
380 2403 499 2471 causis)
521 2397 554 2460 A
573 2395 642 2459 Pol.
663 2399 783 2461 affertur
798 2400 897 2461 Julius
914 2399 1092 2483 obsequens
1116 2403 1153 2462 do
1169 2401 1317 2479 Prodig.:
1341 2403 1428 2464 Ami-

140 2521 219 2579 terni
232 2535 310 2598 puer
326 2515 423 2577 tribue
437 2514 569 2597 pedidus
585 2524 685 2578 nutes.
717 2494 838 2578 Caurus
856 2514 1143 2596 [Sebeder.Corue,
1166 2517 1304 2579 Periuon.
1315 2518 1430 2588 Caere}

90 2629 96 2638 “
140 2636 299 2712 respuistis
320 2634 381 2692 rici
402 2641 520 2693 eterra
538 2631 696 2710 fluxerunt.
723 2632 796 2692 Cum
817 2652 838 2693 u
853 2633 995 2695 Satureio
1017 2634 1108 2696 illota
1129 2643 1212 2696 esset
1232 2631 1343 2694 cloden
1360 2632 1433 2695 Itu.

140 2751 252 2821 manis,
285 2746 463 2807 Decemviri
489 2751 778 2826 pronuntiaverunt,
807 2768 845 2809 se
868 2751 1021 2812 iuvenisse
1048 2753 1080 2810 irr
1106 2745 1281 2829 scorbinio,
1311 2753 1430 2830 quoties

140 2864 251 2925 bellum
269 2860 354 2922 Gelli
375 2861 492 2922 illaturi
513 2871 630 2936 essent,
652 2863 827 2942 sacrificari
847 2867 878 2924 in
899 2882 1002 2925 eorum
1020 2864 1131 2945 finibus
1152 2873 1303 2946 oportere.

218 2997 279 3062 pro
300 2976 442 3055 eolleun
474 2975 627 3039 Proetore
647 2976 762 3040 ardano
781 2996 842 3059 pro
865 2979 994 3069 cotteym
1038 2978 1188 3060 Compare
1210 2998 1268 3061 pro
1292 2979 1372 3040 tribu
1399 2981 1429 3039 in

140 3097 226 3173 Lege
252 3093 321 3156 Art.
348 3096 405 3156 129
434 3097 465 3154 et
492 3091 579 3173 plura
600 3093 747 3154 eiusmodi
775 3113 805 3155 v.
829 3093 963 3160 Gronov.
986 3094 1118 3158 observ.
1140 3115 1170 3174 p.
1187 3099 1260 3156 526.
1288 3094 1425 3156 111111111.

139 3210 237 3275 Codd.
261 3216 293 3272 et
310 3209 377 3273 edd.
395 3228 453 3291 pro
472 3208 606 3288 collepa.
639 3207 706 3269 Pol.
730 3200 821 3272 edidit
839 3229 898 3293 pro
915 3210 1063 3292 callepio,
1085 3211 1153 3272 soil.
1169 3209 1429 3286 Decemviromm,

139 3327 241 3407 Pighii
264 3323 391 3407 [Annei.
413 3324 451 3385 T.
470 3323 509 3384 11.
531 3344 562 3403 p.
576 3320 654 3405 411)
677 3325 914 3388 emendationem
934 3332 1067 3388 secutus.
1109 3326 1264 3406 Videlicet
1286 3329 1314 3388 in
1336 3329 1426 3388 lavo-

137 3464 200 3504 rem
230 3441 477 3503 Decemvirorum
507 3443 538 3500 et
569 3442 672 3500 contra
698 3439 843 3502 Marcium
871 3443 964 3503 verba
986 3443 1097 3503 secisse
1120 3441 1264 3521 Lepidum
1284 3442 1427 3517 aliirmut3

138 3564 285 3634 attamen,
308 3556 384 3617 iicet
404 3554 539 3633 Lepidus
554 3554 671 3617 Marcio
693 3556 871 3619 aduersatus
893 3559 999 3637 suerit,
1022 3558 1136 3619 vicisse
1158 3559 1286 3636 gratiam
1306 3554 1425 3621 Marcii.

141 3672 232 3733 lmmo
255 3671 395 3731 librorum
420 3671 583 3735 auctoritas
603 3675 746 3751 praestat.
784 3673 926 3734 Nimirum
949 3673 1140 3735 Decemviris
1162 3675 1191 3733 in
1209 3671 1350 3734 librorum
1373 3674 1426 3735 Si-

139 3788 319 3868 byllinorum
343 3787 490 3846 sententia
513 3787 733 3865 perstantibus,
755 3788 907 3867 Lepidus,
931 3807 1015 3870 quem
1039 3807 1076 3848 eo
1099 3791 1231 3866 tempore
1254 3788 1426 3849 Praetorem

140 3902 277 3966 u'rbanum
300 3901 396 3961 luisse
418 3901 573 3980 probabile
597 3906 662 3978 est,
692 3903 828 3964 absentis
849 3902 988 3980 collegae
1005 3903 1132 3974 Marcii.
1160 3904 1320 3989 Praetoris
1335 3922 1427 3981 perc-

141 4020 238 4100 grlni,
265 4018 367 4098 portes
391 4017 477 4095 egit,
506 4022 538 4079 ct
564 4019 682 4078 nomine
709 4017 837 4099 locoque
860 4018 999 4096 collegae
1020 4024 1108 4101 atquo
1131 4022 1160 4080 in
1182 4019 1270 4080 buius
1293 4021 1427 4080 fauorem

141 4134 332 4199 licccmviris
355 4131 549 4197 contradixit.
593 4133 686 4221 Quum
718 4137 813 4195 autem
843 4135 921 4196 inter
948 4140 1235 4216 utramquepartem
1264 4153 1323 4197 non
1350 4152 1425 4196 cen-

143 4224 295 4328 renisset‚
324 4252 395 4327 poet
422 4248 539 4308 tertium
566 4268 670 4310 annum
699 4250 845 4312 Lentulus
866 4269 946 4327 rem,
976 4255 1008 4310 ut
1030 4250 1144 4312 tandem
1168 4269 1203 4312 ca
1226 4251 1427 4325 decideretur,

145 4367 336 4439 retractavit,
368 4364 395 4424 is
424 4381 543 4444 quoquc
571 4362 678 4427 Marcii
709 4367 752 4425 rei
783 4368 917 4427 laveno:
949 4368 981 4426 et
1009 4369 1135 4447 unoque
1165 4370 1298 4446 tempore
1327 4366 1427 4445 gretie

147 4483 253 4548 Marcii
279 4481 364 4542 vicit.
408 4476 548 4541 Ceterum
575 4482 745 4560 proprietas
771 4478 913 4542 iornrulae
943 4499 1002 4562 pro
1032 4479 1165 4560 callepio
1194 4481 1300 4542 Polcni
1331 4482 1445 4564 iuter-¹
