2978 4988
529 334 936 415 FRONTINUS

187 565 302 636 rivis
328 565 530 663 publicis
557 589 713 662 aquam
744 565 932 662 ducere,
961 563 1366 657 obruituri).

186 675 233 751 E.
258 678 307 753 lt.
331 680 368 755 J.
396 679 441 758 O.
497 681 564 755 Ne
600 688 673 755 oui
705 688 888 780 privato
922 706 1078 779 aquam
1110 679 1280 754 ducere
1315 704 1367 752 ex

188 799 303 868 rivis
336 797 544 894 publicis
577 797 769 871 liceret:
804 804 960 894 utique
995 821 1146 870 omnes
1176 799 1227 887 ii,
1263 801 1368 892 qui-

188 909 272 985 bus
311 936 455 1009 aquae
491 913 718 987 ducendae
750 914 822 986 ius
854 924 980 987 esset
1010 911 1171 1006 datum,
1208 937 1260 985 ex
1291 936 1368 984 ca-

188 1025 347 1101 stellis
386 1028 627 1124 duoerent,
668 1027 1177 1124 animadverterentque
1215 1025 1369 1104 Cura·

188 1152 319 1217 tores
351 1168 582 1241 aquarum,
623 1145 787 1241 quibus
820 1144 941 1218 locis
973 1149 1088 1218 iutra
1123 1155 1247 1217 extra
1279 1143 1368 1219 Ur·

188 1256 282 1330 bem
316 1273 419 1358 apte
453 1259 650 1334 castella
682 1261 851 1359 privati
883 1261 1036 1335 lacere
1066 1270 1278 1359 possent,
1316 1283 1371 1332 ex

189 1374 352 1468 quibus
405 1400 559 1472 aquam
609 1375 849 1472 ducerent,
902 1399 1030 1473 quam
1072 1400 1125 1448 ex
1167 1366 1370 1448 castello

189 1512 463 1567 communem
495 1493 793 1592 accepissent
824 1518 845 1566 a
879 1489 1194 1570 curatoribus
1228 1514 1370 1587 aqua·

188 1629 303 1679 rum:
339 1632 421 1681 neu
447 1615 521 1683 oui
547 1633 720 1705 eorum,
756 1609 919 1706 quibus
945 1632 1058 1705 aqua
1083 1607 1264 1682 daretur
1289 1630 1370 1703 pu-

189 1719 328 1817 blica,
356 1724 428 1797 ius
456 1734 583 1799 esset
608 1730 727 1798 intra
753 1725 1081 1824 quinquaginta
1107 1723 1247 1823 pedes
1274 1708 1379 1795 eius'

190 1838 401 1934 castelli,
457 1864 510 1914 ex
548 1863 631 1937 quo
670 1863 825 1937 aquam
864 1840 1093 1935 ducerent,
1144 1839 1372 1912 laxiorem

190 1951 403 2029 fistulam'
437 1956 697 2051 subiicere,
746 1980 869 2053 quam
913 1956 1172 2053 quinariam.
1230 1954 1272 2028 ln
1304 1953 1372 2027 hoo

189 2065 233 2142 S.
260 2071 301 2145 G.
334 2069 478 2168 dignum
509 2079 734 2151 annotatione
765 2086 836 2168 est,
874 2072 967 2170 quod
998 2095 1122 2169 aquam
1153 2066 1294 2145 nonnisi
1326 2093 1372 2143 ex

191 2185 336 2261 castello
368 2185 447 2262 duoi
481 2191 663 2286 permittit,
698 2214 743 2265 ne
774 2203 836 2264 aut
865 2189 934 2263 rivi
961 2199 1022 2262 aut
1045 2186 1185 2261 fistulae
1210 2186 1372 2285 publicae

192 2299 391 2398 frequenter
416 2303 622 2381 lacerentur.
704 2336 708 2344 ·

91 2411 167 2487 'iOi
265 2418 336 2493 Jus
370 2424 577 2520 impetratae
612 2446 724 2519 aquae
756 2444 870 2520 neque
900 2419 1065 2494 heredem
1090 2442 1204 2515 neque
1231 2428 1372 2515 empto-

191 2558 265 2606 rem
298 2560 413 2635 neque
447 2538 554 2612 ullum
587 2562 716 2613 novum
749 2537 924 2612 dominum
955 2535 1177 2636 praediorum
1203 2537 1372 2631 sequitur.

232 2825 425 2888 eonnnunemi
455 2818 543 2899 Lego
572 2841 611 2882 ea
631 2829 712 2882 east.
733 2823 889 2883 communi.
931 2816 1070 2883 finiuit
1113 2815 1164 2881 cf.
1184 2815 1312 2881 Annuit.

230 2938 288 2980 nea
311 2915 377 2999 oui)
404 2918 488 2981 Libri
517 2941 555 2982 ne
576 2923 638 3001 qui.
678 2920 815 2983 Brisson.
837 2924 869 2981 et
889 2918 1075 2998 posteriores
1097 2917 1231 2980 editores
1251 2937 1290 2981 ne
1311 2922 1371 2980 oui.

192 3016 266 3078 Seli.
288 3037 382 3101 neque
404 3022 463 3082 cui.
651 3066 654 3071 .

231 3117 396 3195 subiicere)
419 3117 448 3178 V
467 3116 505 3180 i:
528 3118 647 3181 ducere.

232 3221 442 3290 motatione]
465 3217 546 3281 Libri
567 3219 783 3294 admiratione,
804 3215 988 3298 preclaro,
1011 3217 1062 3299 qui
1082 3214 1289 3279 adnotatione.
1326 3215 1373 3278 De

191 3317 286 3379 norbo
308 3327 457 3380 annotare
476 3316 606 3380 diximus
626 3317 663 3378 ad
683 3319 753 3380 Art.
771 3320 820 3382 tu.

233 3417 425 3491 lacerentur)
460 3414 505 3481 Gt
527 3417 709 3480 lacerentur.
751 3416 827 3480 nat
849 3417 897 3482 ed.
917 3431 971 3498 pr:
994 3415 1166 3478 dicerentur.
1209 3413 1281 3475 Jet
1302 3428 1373 3476 reo:

193 3515 412 3578 lacerarentur.

115 3634 162 3689 toi
239 3615 402 3687 dominun)
425 3612 495 3677 GU
533 3613 610 3678 lona.
1207 3681 1215 3696 .

233 3714 377 3791 Balneis,
406 3720 499 3798 quae)
527 3713 606 3778 rix
636 3713 824 3798 balneisque.
865 3714 885 3776 J
911 3717 942 3776 el
962 3730 1029 3776 reor
1056 3711 1210 3794 publicae.
1254 3711 1373 3791 Opsop.

194 3819 332 3876 annotatt
360 3815 463 3890 „iorte
484 3813 671 3876 scribendum
694 3814 802 3898 quidus
819 3813 943 3898 publice
959 3810 1133 3874 lavarent.“
1166 3809 1200 3871 ln
1217 3812 1375 3892 exquisito

193 3914 310 3974 dicendi
332 3931 445 3991 genere
467 3911 540 3976 nihil
562 3914 739 3976 ineundum.
769 3914 880 3977 Heinr:
901 3913 1080 3994 „lacerem
1108 3910 1376 3973 ieiunationum

193 4013 405 4095 praeberent-‘⁶

235 4112 291 4175 Sic
311 4117 366 4187 ea)
388 4110 470 4175 Libri
493 4130 595 4174 omnes
616 4111 705 4180 Sicut
723 4133 778 4191 eu,
800 4113 919 4193 praeter
932 4105 974 4189 (i,
997 4129 1082 4193 quem
1104 4127 1169 4172 oum
1190 4106 1259 4170 Pol.
1282 4125 1377 4169 seeu-

195 4220 243 4276 tus
264 4231 340 4283 sarm,
383 4209 462 4274 Solia
482 4211 539 4276 Sic
558 4215 649 4277 eiiam
669 4233 718 4276 erc.

236 4312 329 4375 ll'une
357 4315 453 4374 omnio
474 4344 517 4360 -
540 4311 734 4394 beneficium)
767 4309 877 4392 Spurlu
903 4309 1039 4374 videtum
1073 4326 1140 4371 nam
1166 4308 1215 4370 oui
1243 4307 1379 4370 dixisset

196 4412 287 4489 linos,
309 4414 358 4494 qui
381 4406 537 4477 nosolreil
576 4410 716 4475 lllllNll.

236 4531 300 4574 earn
318 4516 422 4593 poss]
449 4511 528 4578 Vl':
551 4530 650 4596 nqueo
669 4529 749 4594 quae
766 4529 853 4593 pose.
