2978 4988
535 228 860 315 panormo.
1277 234 1339 312 xl
1413 338 1423 359 ι

55 488 97 564 ab
125 510 181 561 an.
206 482 417 562 716-868,
467 480 577 563 Saea.
602 484 699 580 XV.
733 482 842 559 oirmt.
875 482 935 561 soi.
984 482 1091 560 Hune
1121 482 1204 559 mihi
1236 506 1337 597 oom-

53 644 180 720 parare
204 642 274 693 non
298 616 405 716 potui.

154 752 263 828 Alter
286 760 344 824 est
368 746 557 826 GODEX
580 747 667 826 MS.
691 748 984 829 PARISINUS
1018 772 1073 823 an.
1105 746 1215 846 1664,
1255 747 1339 825 omn.

56 908 131 984 reg.
166 908 242 962 nro.
275 880 386 956 6127.
420 906 451 956 a.
486 881 590 979 enjus
615 854 856 955 nonnullarum
881 883 1089 980 paginarum
1116 883 1152 955 in
1176 880 1340 958 manibus

54 1019 143 1092 meis
179 1026 237 1091 est
269 1013 427 1112 collatio,
462 1013 555 1087 iaota
588 1038 609 1086 a
643 1010 729 1092 Car.
763 1014 927 1113 Mennio‚
975 1014 1075 1089 Proi.
1113 1012 1341 1089 Dnaseidor-

55 1149 180 1248 aiensi,
221 1148 280 1244 qui
303 1147 454 1222 Parisiis
488 1146 619 1244 aliquot
647 1156 786 1246 tempus
815 1171 1035 1221 commorans
1061 1146 1281 1244 praeceptori
1307 1153 1344 1219 et

56 1284 169 1356 amico
195 1296 263 1354 s'no
289 1272 506 1373 Heinri'ohio,
545 1279 783 1354 illustrissimo
816 1280 873 1354 iilo
899 1279 999 1354 Proi.
1024 1279 1206 1353 Bonnensi
1230 1294 1344 1377 nuper

56 1414 250 1508 demortuo,
292 1422 327 1486 et
364 1412 432 1509 ipsi
465 1412 625 1485 Frontini
661 1411 848 1487 editionem
884 1411 1030 1509 paranti,
1072 1410 1116 1485 de
1151 1435 1221 1509 qua
1253 1410 1343 1485 inira

58 1545 181 1641 diram,
222 1570 301 1619 eam
326 1544 500 1642 praestitit
525 1545 685 1642 gratiam,
723 1554 762 1618 ut
789 1544 947 1618 codicem
972 1545 1067 1617 ilium
1092 1545 1238 1640 oarptim
1263 1566 1344 1619 oum

57 1679 111 1752 ed.
152 1680 292 1774 Bipont.
333 1677 518 1750 conferret.
570 1674 644 1768 Qui
681 1676 796 1750 oodex
834 1678 869 1749 in
907 1678 1070 1775 catalogo
1106 1676 1189 1750 bibi.
1221 1676 1345 1774 regiae

57 1809 258 1908 descriptus
286 1821 344 1885 est
366 1808 421 1882 his
447 1809 588 1883 verbis:
629 1806 787 1905 „codex
813 1808 1032 1905 ohartaoena,
1061 1794 1140 1882 olim
1166 1807 1345 1881 'l'eiieria-
1404 1782 1407 1787 ‚

49 1960 134 2017 nus.
187 1942 243 2016 Ibi
275 1943 492 2015 continentur
525 1939 630 2019 Senti
662 1942 749 2015 Julii
773 1942 933 2016 Frontini
967 1942 1010 2015 de
1044 1940 1346 2038 aquaeductibus

58 2075 155 2151 urbis
181 2074 320 2148 Romae
351 2073 429 2148 libri
454 2073 543 2148 duo:
578 2074 623 2147 ad
647 2075 841 2171 marginem
867 2086 902 2147 et
926 2075 1014 2147 inter
1038 2075 1150 2148 lineas
1178 2072 1347 2148 emenda-

59 2209 185 2305 tiones7
215 2206 259 2280 de
287 2207 414 2303 quibus
440 2207 494 2279 sio
519 2205 625 2281 habet
648 2206 772 2279 Lucas
799 2205 1027 2281 Hoistenins:
1068 2204 1230 2283 Codex
1255 2204 1345 2301 hio,

66 2338 177 2413 lieet
200 2340 459 2413 recentiori
485 2362 632 2435 manu,
671 2349 888 2412 aoourate
913 2348 1078 2435 tamen,
1119 2337 1347 2412 distincte

65 2482 106 2545 et
138 2472 376 2545 emendate
418 2471 630 2568 scriptus
671 2480 743 2545 est
776 2471 828 2545 ab
863 2470 1041 2545 homine
1065 2466 1344 2567 Gallicano,

58 2604 312 2679 Philandro
339 2605 459 2678 forte
486 2613 560 2677 aut
584 2604 907 2700 Demontesio‚
942 2605 1016 2700 qui
1043 2613 1088 2676 et
1113 2602 1346 2678 eruditio-

57 2762 156 2812 nem
190 2711 479 2834 singularem
512 2747 556 2810 et
588 2736 807 2811 iudicium
842 2749 1054 2810 exactum
1086 2738 1169 2813 hoo
1202 2760 1347 2837 opus-

59 2871 164 2943 onlo
202 2869 381 2944 abunde
413 2878 636 2968 testatur,
676 2870 796 2966 qnod
820 2869 986 2944 deinde
1013 2868 1066 2943 ad
1092 2868 1346 2945 aliammoo.

59 3027 133 3076 ms,
176 3002 227 3076 ab
269 3004 370 3099 ipso
420 3002 640 3075 collatum
687 3002 891 3099 videtur,
951 3012 1025 3076 aut
1066 3003 1118 3077 ad
1160 3004 1347 3100 primam

60 3157 247 3231 eamque
293 3135 666 3209 vetustissimam
711 3134 971 3212 editionem.
1042 3133 1171 3227 Quae
1207 3134 1346 3209 mini'o

61 3268 182 3340 inter
213 3268 364 3340 lineas
398 3276 473 3341 aut
503 3268 547 3339 in
579 3265 786 3365 margine
819 3276 1034 3342 notantur
1059 3265 1345 3341 emendatio-

60 3420 163 3494 neS,
204 3399 421 3473 videntur
453 3425 507 3475 ex
533 3400 806 3497 conjectura
830 3402 1094 3499 appositae,
1134 3399 1218 3473 sed·
1242 3424 1347 3474 oer-

60 3532 272 3605 tissimae
311 3533 409 3606 iere
448 3556 602 3606 omnes
649 3543 694 3606 et
736 3534 1025 3632 ingeniosae.
1096 3533 1167 3608 lta
1213 3532 1346 3608 salvo

62 3664 258 3738 aliorum
291 3664 465 3739 indicio
499 3665 716 3739 oenseo.“
766 3665 808 3738 In
841 3666 991 3762 epistola
1022 3666 1128 3740 latina
1162 3666 1207 3740 ad
1231 3666 1347 3741 Hein-

62 3797 205 3869 riohium
239 3797 319 3871 data
350 3798 518 3873 Memrins
558 3799 675 3897 pergit
706 3798 797 3872 huno
830 3800 866 3871 in
899 3798 1052 3873 modum.
1103 3798 1260 3897 „Codex
1292 3809 1351 3874 est

62 3928 282 4028 chartaceus,
311 3931 424 4005 iorma
451 3930 591 4007 chartae
612 3931 848 4029 magnitudine
869 3934 1033 4006 convenit
1058 3956 1138 4006 oum
1164 3958 1217 4031 ea,
1246 3956 1349 4031 qnam

62 4059 180 4137 dicere
205 4064 364 4137 solemne
400 4074 561 4138 octavam
585 4065 765 4161 majorem.
816 4064 919 4138 Folia
945 4066 1096 4140 continet
1121 4064 1260 4140 oiroiter
1282 4065 1348 4137 tri-

63 4195 159 4292 ginta
183 4220 349 4289 nnmero;
390 4219 535 4292 quornm
562 4198 597 4270 in
622 4199 745 4295 primo,
784 4197 828 4272 ab
855 4197 989 4289 eadem,
1022 4198 1244 4273 manifestam
1268 4196 1347 4295 hoo,

63 4348 178 4423 manu,
218 4352 287 4425 qna
311 4330 502 4404 universus
527 4330 626 4425 liber,
666 4331 776 4405 verba
801 4330 899 4428 haee,
940 4354 1007 4405 neo
1032 4332 1217 4428 quiequam
1242 4329 1346 4424 aiind,

63 4460 172 4536 nitide
196 4462 331 4560 scripta
354 4462 538 4561 leguntur:
580 4486 691 4538 anno
726 4462 893 4541 domini
926 4488 947 4537 a
978 4462 1226 4538 nativitate
1251 4460 1350 4537 1664
