2978 4988
572 264 895 374 nnnnnnnn'o.
1274 292 1373 377 xm

85 541 161 606 tres
188 525 433 604 animadvertit
458 552 517 603 res
543 540 738 603 memoratu
763 528 901 626 dignas.
953 526 1168 627 „Librarius
1202 530 1237 603 iu
1268 550 1371 605 romu

85 674 216 738 matum
252 663 477 736 distinctione
510 672 639 736 tantam
672 689 756 760 prae
789 687 830 736 se
857 663 923 736 lert
947 663 1008 736 vel
1034 667 1240 759 imperitiam
1266 661 1372 737 huius

86 801 141 870 rei
173 796 233 869 vel
267 800 400 893 ingenii
432 795 719 893 mediocritatem,
772 806 812 868 ut
851 818 963 892 paene
997 794 1238 890 dubitaverim,
1286 818 1372 873 trun

87 935 177 1003 iuter
212 928 411 1025 adscriptas
446 934 687 1002 annotationes
722 929 838 1024 aliqua
873 951 1003 1022 earum,
1045 950 1135 1023 quae
1168 952 1233 1025 pro
1266 927 1372 1003 bonis

85 1066 303 1136 coniecturis
345 1061 466 1135 haberi
507 1066 656 1158 possint,
712 1061 817 1135 huius
866 1066 915 1133 sit
954 1060 1087 1133 librarii
1130 1070 1372 1135 commentum.

85 1195 270 1290 Alterum,
312 1192 405 1289 quod
432 1192 709 1268 animadvertere
734 1216 887 1267 necesse
911 1192 1036 1287 habeo,
1078 1208 1144 1290 est,
1184 1192 1278 1290 quod
1302 1194 1372 1267 ali·

86 1335 173 1423 quot
196 1326 370 1400 voeabula
397 1332 530 1424 scripta
555 1332 693 1424 passim
725 1332 761 1399 iu
793 1325 861 1399 hoo
895 1324 1022 1399 oodioe
1049 1336 1236 1399 ooourrunt
1260 1324 1372 1401 foma

85 1463 285 1554 vetustiori,
321 1482 389 1533 neo
415 1461 518 1534 nobis
545 1484 670 1556 neque,
705 1470 745 1531 ut
770 1467 918 1556 putatur,
955 1463 1047 1556 ipsis
1073 1469 1264 1556 argenteae
1288 1458 1373 1535 lan..

86 1595 207 1664 nitatis
245 1593 451 1666 auctoribus
489 1599 629 1666 usitata.
689 1591 757 1670 Sic
795 1618 827 1688 p.
866 1588 941 1665 158
979 1591 1024 1664 ed
1061 1593 1202 1688 Bipont.
1240 1591 1262 1665 Ι.
1300 1589 1372 1693 Ῑῆ

83 1722 170 1798 sed
204 1747 342 1820 quom.
369 1723 454 1800 ibid.
479 1724 501 1797 l.
526 1723 596 1798 26:
637 1731 848 1821 quoique.
882 1723 997 1797 ethis
1023 1725 1163 1797 similia.
1213 1722 1380 1799 Maxime·

83 1868 203 1931 autem
229 1855 266 1930 id
289 1863 407 1955 reperi
431 1883 501 1931 usu
525 1863 649 1932 venire
676 1863 709 1931 in
735 1859 857 1931 verbis
883 1857 1003 1954 legum
1028 1880 1071 1930 ao
1096 1854 1256 1934 Senatus
1281 1880 1371 1933 uou-

83 1990 268 2086 sultorum,
295 2001 334 2063 ut
358 2017 392 2088 p.
418 1989 510 2065 194:
538 1990 591 2066 de
615 1997 707 2064 ieis
734 1996 819 2086 qui.
846 1991 868 2063 l.
894 1988 963 2063 11:
1000 2012 1138 2085 quom.
1163 1989 1185 2062 l.
1212 1986 1280 2064 16:
1307 1994 1373 2065 iei

82 2147 149 2220 pro
176 2127 222 2196 ii.
274 2123 574 2220 martianumque
601 2124 804 2198 observatio
831 2132 969 2220 spectat
993 2121 1039 2196 ad
1063 2122 1221 2218 lacunas,
1265 2144 1371 2220 quae,-

83 2262 180 2328 siout
205 2255 411 2351 frequentes
438 2261 473 2329 in
497 2256 577 2329 aliis
611 2256 723 2352 libris,
764 2258 812 2329 ita
845 2260 881 2328 in
905 2255 1073 2329 Parisino
1107 2265 1190 2329 sunt
1222 2260 1371 2331 rarissi-

85 2412 176 2487 mae.
245 2388 409 2485 Namque
456 2388 540 2462 licet
576 2412 646 2461 uon
682 2392 891 2461 universum
926 2387 1091 2484 equidem
1127 2387 1254 2462 librum
1290 2410 1372 2463 oum

86 2494 247 2619 exemplo
274 2522 462 2618 Bipontino
490 2521 707 2616 contulerim,
745 2528 860 2594 tamen
886 2519 1048 2618 pluribus
1072 2520 1175 2616 locis,
1215 2518 1277 2596 ubi
1300 2520 1371 2595 ali-

83 2653 170 2751 quid
194 2655 385 2729 litterarum
437 2665 496 2728 aut
520 2654 773 2729 vocabulorum
799 2652 995 2727 desiderari
1019 2658 1159 2750 punctis
1185 2656 1265 2727 elus
1289 2653 1371 2729 looo

81 2791 213 2884 positis
240 2787 478 2884 significatum
504 2797 570 2883 est,
610 2792 751 2884 inspexi
784 2787 921 2883 librum,
961 2811 1044 2859 num
1069 2786 1154 2885 quid
1178 2785 1277 2861 daret
1301 2810 1370 2863 ex-

82 2917 224 3017 plendis
248 2918 404 3012 lacunis3
444 2918 511 2992 sed
544 2918 749 3016 plerumque
773 2942 840 2992 neo
865 2919 1010 2992 lacunas
1037 2908 1263 3016 deprehendi,
1297 2942 1371 2995 nea

82 3075 183 3149 vero,
216 3052 346 3149 quibus
382 3075 446 3126 eae
489 3050 671 3126 commode
713 3051 947 3149 explerentur.
1011 3052 1123 3125 Immo
1163 3051 1302 3127 litterae
1334 3063 1372 3128 et

82 3184 204 3279 verba,
244 3190 376 3259 ueteris
408 3189 444 3257 in
477 3183 578 3258 libris
612 3183 813 3285 interuallis,¹
840 3182 1014 3279 distantia,
1053 3183 1112 3258 hio
1144 3206 1215 3258 uno
1245 3194 1370 3261 tenore

83 3326 128 3411 et,
169 3322 204 3390 si
228 3318 333 3392 modo
359 3323 517 3415 speciem
542 3315 718 3415 habereut,
735 3284 941 3411 seillentiae,
982 3320 1061 3389 sine
1086 3320 1268 3412 varietate,
1309 3327 1371 3391 aut

82 3456 205 3549 parvis
231 3451 335 3524 iactis
359 3450 629 3544 mutationibus,
668 3455 760 3523 inter
784 3473 826 3522 se
852 3455 968 3523 iuncta
994 3448 1201 3544 apparent.“
1249 3445 1369 3526 neni„
1462 3450 1480 3497 ,r

84 3606 151 3681 que
166 3568 343 3657 'Mannius
369 3583 451 3656 buio
476 3582 591 3656 oodioi
615 3606 737 3679 parurn
761 3583 882 3657 tribuit
905 3585 1020 3679 pretii,
1062 3604 1167 3677 quem
1190 3583 1297 3657 aliani
1322 3604 1370 3659 ex

83 3704 340 3814 antiquioribus
378 3715 591 3792 editionibus
628 3719 693 3789 vix
729 3715 914 3813 praeierat,
969 3721 1005 3787 et
1041 3712 1126 3788 nihil
1163 3715 1260 3789 aliud
1295 3706 1369 3792 nis'l

83 3847 323 3947 apographum
356 3853 492 3923 veteris
527 3848 677 3922 alieuius
712 3847 877 3921 editionis
911 3869 998 3920 esse
1024 3854 1171 3920 statuat.
1224 3845 1307 3940 Qua
1331 3853 1369 3925 iu

81 4004 122 4055 re
145 3978 329 4055 diversum
355 3990 411 4056 est
435 3981 604 4057 iudicium
628 3979 820 4054 Roudoleti
853 3978 1106 4075 contendentis
1146 3977 1238 4054 huno
1263 3980 1368 4057 aodi-

82 4136 162 4189 oem
194 4136 280 4191 esse
313 4112 557 4213 apographum
582 4112 718 4188 rodinis
745 4110 1002 4205 Cossinensis3
1041 4115 1196 4208 itemque
1229 4111 1366 4191 Subul-

80 4250 155 4345 tuii,
187 4250 249 4345 qui
272 4270 355 4322 euru
378 4270 465 4323 esse
490 4252 632 4321 coniicit
656 4244 906 4344 apographum,
946 4244 1040 4341 quod
1064 4246 1297 4320 Mabillonius-
1318 4269 1366 4322 ex

81 4374 299 4475 vassinensi
322 4404 387 4479 per
409 4378 602 4453 lllrasmum
627 4377 805 4454 Gattolam
829 4376 1082 4476 perfiniendam
1106 4384 1293 4454 curaverit„

124 4596 136 4639 ³
180 4504 243 4591 De'
267 4508 472 4589 auotoritata
498 4512 634 4589 codicis
659 4513 817 4587 Parisini
842 4511 1028 4608 oonstabit,
1067 4517 1102 4584 si
1131 4515 1253 4587 varias
1282 4513 1361 4589 leo-
