2978 4988
415 332 487 410 nn
511 332 702 428 nouas
727 333 1007 414 necamus

81 566 239 659 quoniam
258 566 367 662 Anio,
395 568 555 663 quamvis
580 570 769 666 purissimo
795 568 952 642 defluens
976 566 1067 662 lacu,
1093 569 1256 644 mollibus

82 695 195 754 tamen
222 681 426 756 cedentibus
454 684 551 780 ripis,
580 683 693 757 aufert
707 685 847 780 aliquid,
867 708 934 781 quo
948 685 1116 780 turbetur,
1135 687 1256 783 prius·

81 821 183 892 quarn
210 796 372 871 deveniat
403 800 438 871 in
463 804 579 873 rivos:
621 799 714 897 quod
748 800 1002 873 incommodum
1035 825 1104 874 non
1139 801 1255 876 solum

80 911 233 986 hibernis
259 938 301 987 ac
327 916 458 1011 vernis,
486 914 552 987 sed
577 916 725 988 aestivis
750 916 919 990 imbribus
937 918 1053 1010 sentit,
1071 940 1140 1012 quo
1164 929 1257 990 tem-

79 1054 165 1126 pore
192 1032 326 1127 gratior
352 1055 519 1126 aquarum
545 1031 730 1104 sinceritas
758 1033 920 1128 exigitur.
945 1030 994 1104 Et
1015 1032 1103 1105 alter
1119 1032 1258 1128 quidem
1282 1029 1331 1105 91

22 1232 24 1237 ¹
81 1172 124 1220 ex
150 1146 224 1239 his,
251 1146 287 1220 id
313 1157 367 1220 est
391 1146 488 1220 Anio
514 1148 652 1243 VetuS,
689 1172 767 1221 curn
801 1149 979 1244 plerisque
1017 1148 1105 1223 libra
1130 1149 1177 1221 sit
1200 1149 1257 1221 in-

80 1262 478 1357 serior„incommodum
504 1265 591 1337 intra
618 1289 659 1337 se
685 1275 788 1337 tenet.
839 1263 969 1337 Novus
1007 1273 1122 1339 autent
1160 1262 1258 1339 Anio

81 1622 223 1700 eripitur.
244 1617 333 1679 Alter
354 1616 471 1699 quidem
493 1635 533 1676 ea
553 1616 611 1679 lis.
633 1619 693 1675 etc.
732 1614 806 1676 Sei.
828 1613 917 1690 legitt
939 1634 968 1697 q.
990 1621 1013 1677 t.
1033 1618 1156 1679 exsistit
1173 1625 1255 1697 prat.

81 1738 130 1801 up.
152 1721 328 1779 sinceritas.
371 1716 517 1794 Enipitur
537 1723 568 1775 et
582 1713 663 1775 ulter
685 1715 803 1797 quidem
825 1734 864 1776 ee
884 1714 932 1775 loia
954 1718 1014 1784 eto.
1036 1713 1139 1776 Heinr.
1161 1734 1258 1778 anno-

82 1823 140 1880 ut:
165 1817 308 1897 „pratior
329 1819 354 1876 it
374 1815 441 1876 dies
462 1813 567 1875 Horat.
586 1810 682 1875 Carnu.
705 1814 760 1875 IV.
783 1820 812 1876 5.
836 1819 865 1874 i.
907 1813 989 1874 Fort.
1012 1817 1143 1893 exsistit,
1164 1819 1196 1877 et
1217 1833 1259 1880 ex
1320 1881 1324 1887 ,

82 1916 192 1998 duplici
215 1915 375 1994 scripturat
398 1925 429 1976 et
447 1917 533 1984 [unt]
556 1911 722 1994 eripitur.“
771 1912 977 1974 Necessarium
999 1914 1069 1974 inihi
1089 1915 1258 1994 videbatur,

82 2035 146 2078 curo
170 2015 273 2077 verbis
296 2014 341 2075 Et
361 2013 450 2089 ulter,
472 2018 616 2095 sequente
639 2015 773 2074 oratione
796 2015 842 2072 sic
864 2012 1019 2096 exigente,
1043 2017 1075 2075 ut
1090 2033 1170 2076 nova
1185 2033 1259 2077 sen-

82 2117 178 2179 tentia
199 2114 357 2175 ordiretur.
401 2112 511 2199 Quare,
536 2113 637 2174 deleto
660 2117 744 2188 euiit,
774 2113 859 2173 cuius
881 2113 990 2173 frustra
1011 2114 1260 2192 circumspecturi

83 2219 179 2294 aptaro
195 2213 481 2293 interpretationem,
503 2213 611 2273 retinui
633 2215 777 2293 eripitur,
803 2210 932 2293 nihilque
960 2213 991 2271 in
1019 2211 1108 2273 codd.
1129 2211 1262 2275 lectione

83 2315 205 2377 mutavi.
232 2312 350 2375 intell:
372 2313 487 2389 gratior
507 2312 664 2373 sinceritas
685 2311 842 2392 requiritur
864 2309 902 2370 ob
924 2309 1073 2371 hominurn
1094 2330 1179 2373 usum
1199 2330 1261 2374 vo-

82 2414 293 2494 luptaternque.

122 2513 290 2595 plerisque)
313 2510 365 2573 Sic
387 2510 459 2571 Son.
483 2509 638 2573 extribus
662 2510 748 2572 codd.
776 2509 876 2570 Antea
895 2509 1080 2592 plerumque.
1298 2530 1331 2584 91

123 2618 205 2675 iutra
225 2617 274 2684 se)
303 2610 333 2672 V
355 2615 385 2671 ct
407 2611 481 2671 eda:
504 2610 587 2689 infru
608 2630 653 2679 se.

123 2709 273 2781 vitiabat)
299 2709 342 2770 V²
371 2709 516 2772 intrabat.
539 2743 577 2751 —
599 2704 735 2787 ceteras)
758 2708 824 2769 scil.
847 2725 947 2789 aquas.
970 2705 1011 2767 Ut
1033 2717 1160 2772 ceteros.

126 2809 305 2889 defectioni)
328 2808 404 2871 Edd.
426 2826 489 2869 rec.
510 2808 678 2887 praefigunt
699 2807 878 2891 aliquando.

125 2909 199 2990 suff.
221 2914 335 2990 aquus)
378 2906 440 2969 VF
463 2926 518 2967 om.
542 2927 648 2990 aquus.

125 3006 259 3083 Rornae)
303 3005 350 3069 O:
388 3009 455 3068 rico
477 3028 522 3068 rue
544 3008 667 3070 darium.
706 3007 785 3068 iden
808 3008 883 3068 inira
902 3012 1059 3089 permista,
1083 3013 1116 3069 ut
1136 3008 1205 3072 Art.
1230 3015 1268 3075 li

84 3113 199 3170 mistua
1024 3154 1026 3157 v

123 3203 289 3288 perdebat]
312 3204 358 3268 V:
379 3205 472 3287 prod.
490 3238 530 3248 -
552 3204 795 3278 olumientilus)
819 3226 849 3266 r.
872 3205 1000 3268 Annott.

125 3305 378 3378 succurredutur)
400 3305 429 3368 V
450 3307 491 3366 F:
513 3305 719 3366 succurrebat.

123 3405 289 3488 pleraeque
310 3408 555 3475 accerserentur]
593 3405 609 3464 l
635 3410 665 3464 ct
687 3419 751 3465 rec:
772 3406 936 3487 pleraeque
951 3426 1060 3488 aquae.
1105 3405 1135 3467 V
1155 3406 1195 3467 F:
1221 3407 1268 3488 pl.

86 3525 185 3588 oquae
200 3525 337 3579 serenae,
354 3505 512 3566 exsulante
529 3512 767 3565 accerserentur.
791 3503 874 3565 Unde
892 3505 970 3566 Scir:
991 3505 1159 3587 pleraeque
1170 3522 1270 3590 upuae

86 3624 212 3666 serenae
232 3615 472 3666 accerserentur.

127 3704 371 3786 imprudentiam)
395 3704 507 3763 Nescio
525 3721 560 3763 an
584 3703 768 3763 scribendum
792 3704 848 3764 sit:
871 3703 1091 3784 impudentium.
1113 3703 1267 3767 Librorum

87 3789 247 3864 aructoritas
267 3802 326 3863 hoc
348 3805 377 3862 in
401 3820 514 3878 genere
536 3801 618 3861 nilriii
642 3807 699 3862 est.

128 3909 173 3965 uti
197 3905 331 3982 elipeum]
361 3902 438 3963 'l'res
466 3901 561 3961 codd:
592 3910 626 3961 ut
652 3901 816 3981 indipnuru.
838 3897 922 3982 lquod
947 3905 1079 3963 niruirrnu
1101 3909 1198 3966 natum
1221 3910 1268 3969 cst

88 4023 178 4083 praru
200 4004 345 4080 scriptura
369 4004 483 4064 corticis
506 4002 531 4065 C
554 3988 749 4080 oliliquum,
773 4022 826 4082 pro
846 4007 890 4068 uti
912 4003 1041 4081 dipuurn.

124 4106 331 4185 porticalium)
359 4102 406 4162 V:
427 4107 611 4184 pauentium.
635 4109 665 4163 et
686 4103 787 4182 plures
810 4103 884 4166 edd:
904 4107 1094 4185 parientium.

128 4204 177 4265 M.
200 4211 233 4263 ut
253 4206 351 4283 ipsam
368 4237 407 4246 -
430 4201 732 4283 deprehenderimus)
755 4203 803 4262 iix
826 4203 920 4263 trihus
943 4203 1029 4265 codd.
1051 4203 1122 4267 Pol:
1145 4203 1189 4266 M
1213 4209 1265 4285 ip-

89 4301 466 4380 saro-deprehendimus.
492 4301 532 4364 nt
547 4321 621 4363 vero
641 4302 700 4362 inJ
722 4305 753 4361 et
771 4319 831 4364 rec.
850 4304 958 4387 video:
979 4303 1029 4382 M.
1051 4308 1096 4365 itu
1117 4313 1150 4364 ut
1169 4307 1266 4385 ipsum

139 4402 432 4484 deprehenderimus.
456 4404 484 4462 in
506 4401 529 4461 F
551 4410 645 4465 autrun
669 4404 709 4462 ita
731 4403 871 4480 lupinus,
898 4406 928 4463 ut
939 4420 996 4463 nos
1010 4403 1165 4463 edidimus.
1200 4403 1272 4462 Sci-

90 4500 161 4562 licet
187 4503 408 4583 antiquissimus
434 4502 570 4564 librarius
596 4493 631 4563 ¹in
658 4502 822 4583 exemplari
849 4521 904 4562 suo
938 4520 997 4563 nou
1025 4500 1272 4562 animadverterat
