2978 4988
529 292 973 374 ANNO'FA'I’IONES.
1323 290 1397 367 lut

112 528 208 591 Thes.
231 531 261 591 iu
281 549 312 593 v.
336 528 407 590 list:
430 529 566 590 ellectum
586 527 708 593 babere.
740 529 837 591 Wolf.
858 529 896 591 ad
917 527 1044 591 Sueten.
1068 527 1157 591 Caes.
1175 531 1224 590 lo.
1252 525 1393 590 uulua.

113 645 191 752 i.·e.
225 644 382 705 destinatis
413 644 495 707 urbis
525 644 704 722 regionibus
736 644 827 707 fluere
859 646 1005 731 eoeperit.
1048 642 1088 706 Ut
1116 642 1226 707 Celsus
1253 644 1308 707 lV.
1329 647 1392 706 45:

112 758 216 840 Saepe
240 760 387 838 fenenne,
417 760 523 843 quibus
547 763 675 841 empuis
699 777 758 842 per
778 769 929 825 menstruo
949 778 1009 822 non
1029 759 1209 842 respondet,
1236 759 1316 821 buno
1336 778 1394 821 eu-

112 884 241 956 spuunt,
268 874 289 935 i.
307 893 336 936 e.
358 875 467 956 quibus
487 877 611 955 sanguis
631 894 692 937 non
713 874 796 953 uuit,
818 876 1032 955 interpretante
1052 875 1120 940 Pol.
1162 875 1275 961 liudem
1297 874 1394 935 tuter-

111 990 241 1069 pretatio
263 989 379 1072 aliaque
401 991 546 1055 eiusmodi
568 990 709 1072 exempla
728 1011 776 1071 ap.
798 989 957 1073 Foreellin.
979 989 1008 1053 ln
1031 1009 1062 1063 v.
1084 991 1230 1073 respond.

169 1104 292 1201 ¹'Virpo
313 1107 475 1189 appellato
497 1104 567 1188 eat]
589 1105 747 1171 Cassilor.
769 1108 827 1186 Ep.
843 1106 912 1169 Vll.
929 1113 966 1168 o:
990 1106 1094 1170 Currit
1115 1126 1196 1190 aquo
1222 1105 1314 1186 Virqo
1336 1103 1393 1167 sub

113 1221 315 1343 delectatiqoa
340 1226 521 1303 purissimo,
554 1243 633 1306 quoe
659 1223 728 1287 irleo
755 1227 805 1286 aie
832 1223 995 1306 appellato
1021 1223 1170 1302 creditur,
1199 1220 1280 1304 quod
1300 1219 1393 1282 nullia

111 1336 254 1400 sordibus
272 1339 439 1421 polluatur.
472 1340 546 1402 Plin.
567 1337 607 1400 H.
629 1338 667 1403 N.
683 1338 799 1403 XXXI.
816 1345 853 1403 3:
874 1339 973 1401 Juxta
993 1348 1041 1400 est
1062 1338 1277 1401 Herculaneus
1297 1339 1393 1410 riuus,

111 1471 194 1535 quem
215 1454 370 1535 rosuqiens
394 1455 529 1536 Virqinio
546 1474 650 1518 nonen
672 1455 806 1519 obtinuit.
849 1444 991 1519 Sel'luac
1014 1457 1043 1518 in
1065 1474 1098 1516 re
1121 1455 1222 1535 potior
1243 1469 1314 1514 esse
1335 1450 1392 1511 uu·
1458 1433 1461 1436 “

110 1569 622 1639 ueturoutiutouunmas.1>01a
645 1573 772 1640 Gesner.
795 1575 826 1634 et
845 1532 1004 1637 uorc'eum.
1028 1572 1057 1630 iu
1083 1567 1186 1649 Virpo.
1230 1567 1294 1629 Sel
1315 1564 1390 1627 nibil

110 1683 215 1746 borum
236 1691 284 1749 est
304 1703 418 1749 verum.
452 1687 579 1762 Latebat
599 1708 690 1752 causa
710 1691 856 1755 nomiutst
879 1688 1020 1749 inventae
1042 1692 1112 1779 surut
1132 1684 1265 1762 fabulae,
1289 1685 1322 1744 ut
1342 1684 1391 1745 ta-

109 1819 175 1862 men
196 1799 308 1882 aliquid
331 1808 413 1866 osset
434 1803 593 1869 iucundum
612 1807 714 1869 auditu
736 1809 824 1889 atque
847 1805 942 1869 instar
962 1803 1118 1865 historiae.
1150 1799 1288 1862 lllilNli.

186 1917 298 2001 puella
317 1922 516 1998 uirpuneuln)
539 1928 614 1994 παῖς
635 1916 715 2002 κόρη
737 1921 872 1985 Graecis.
899 1917 1058 1984 Durnosth.
1076 1917 1152 1980 Mil.
1170 1937 1201 1998 p.
1215 1921 1286 1978 540.
1312 1913 1389 1976 Ari-

108 2028 210 2111 stoph.
230 2032 261 2093 ln
283 2031 413 2112 Lysistr.
445 2016 582 2103 lllilNR.

187 2165 290 2230 oquae
308 2150 485 2224 mutuant.
502 2170 530 2215 e.
553 2155 684 2234 copiam,
706 2155 908 2237 quantitatem.
936 2153 1051 2215 Laudat
1072 2153 1151 2213 inter
1172 2148 1229 2211 alia
1250 2146 1391 2229 exempla

107 2261 266 2325 Forcellin.
287 2284 320 2326 v.
340 2267 458 2331 modus.
500 2267 612 2330 Eadem
634 2269 816 2348 significatio
840 2268 907 2330 Art.
925 2273 944 2328 3
962 2272 993 2329 ct
1012 2272 1080 2330 128.

118 2399 124 2413 ·
188 2379 232 2443 ad
252 2381 314 2442 mil.
342 2380 418 2445 VIII
412 2385 437 2462 J
464 2382 539 2445 Plio.
561 2383 600 2448 ll.
617 2384 654 2445 Ν.
670 2383 789 2446 XXXI.
806 2389 843 2446 3:
865 2383 950 2445 lolem
971 2393 1002 2446 et
1026 2382 1178 2462 Virpinem
1198 2380 1328 2443 adduxit
1348 2378 1389 2475 nb

107 2498 212 2557 octavi
237 2495 355 2577 lapidis
378 2498 561 2561 divntieulo
581 2501 619 2564 ll
635 2520 672 2561 m.
693 2520 726 2581 p.
751 2500 954 2562 Praenestino
973 2503 1036 2561 ein.
1080 2496 1192 2560 Verbis
1214 2495 1388 2575 dissentire,

107 2630 138 2673 re
160 2614 256 2674 autem
272 2594 450 2676 ¹consentire
472 2614 598 2679 Plinium
620 2620 652 2679 et
674 2616 862 2691 Frorutiuum,
886 2616 1021 2676 ostendit
1043 2614 1109 2674 Pul.

187 2729 313 2808 Sipnino
337 2735 414 2802 etc.)
445 2731 570 2793 Duabus
592 2732 682 2796 rebus
704 2733 861 2794 adiuvatur
881 2750 957 2812 aqua
978 2731 1096 2809 Virgo,
1118 2731 1242 2809 primum
1265 2729 1389 2808 siguino

107 2846 316 2924 circumiecto,
348 2864 408 2927 quo
440 2848 641 2926 scaturigines
674 2850 879 2926 continentur3
913 2852 972 2909 tum
1004 2865 1079 2908 vero
1112 2848 1200 2908 etiam
1232 2845 1391 2907 adiuvatur

106 2960 308 3041 cumpluribus
338 2961 407 3023 aliis
438 2963 695 3044 acquisitionibus.
738 2962 786 3026 Cl.
813 2964 881 3026 Art.
901 2967 957 3028 i0:
996 2961 1087 3043 Vtrpo
1108 2996 1150 3006 -
1181 2960 1232 3024 eu'
1248 2959 1391 3041 pluribus

106 3078 360 3159 acquisitionibus
381 3091 510 3142 conatnt.
551 3079 624 3140 Tria
649 3085 746 3142 autem
775 3082 804 3141 iu
833 3080 1003 3141 urrirursum
1031 3083 1118 3158 suut,
1148 3079 1185 3138 de
1208 3077 1316 3159 quibus
1332 3074 1389 3144 io-

107 3197 206 3275 quitur
226 3192 402 3270 Frontinus,
431 3197 508 3257 inter
529 3213 564 3256 se
586 3195 723 3259 diversa:
751 3215 809 3276 quo
833 3194 902 3256 locu
924 3195 1023 3271 Virgo
1046 3193 1248 3271 concipiatur3
1280 3191 1390 3273 qulbus

106 3313 196 3372 rebus
218 3311 393 3387 adiunctum
416 3331 473 3393 qua
494 3310 683 3388 longitudine
706 3310 826 3372 defluat.
870 3310 919 3371 De
940 3314 1058 3388 riquino
1082 3329 1115 3369 v.
1138 3305 1348 3370 Sentiet.
1422 3377 1434 3403 ⁹

187 3426 454 3509 acquisitionibus]
476 3427 592 3489 Laudat
614 3425 775 3487 Fureellin.
820 3424 867 3487 ct.
890 3428 926 3487 aul
949 3425 1016 3487 Art.
1035 3429 1065 3486 9.

186 3546 417 3625 acquisitionum
439 3543 551 3604 duetus
571 3545 633 3604 riui
652 3542 748 3616 subt.)
771 3543 837 3602 line
859 3541 928 3602 loco
953 3542 1115 3617 iudicatur,
1138 3539 1389 3621 acquisltiuuibus

104 3662 201 3724 datum
224 3661 320 3720 luisse
342 3677 397 3739 per
417 3658 500 3718 rivus
522 3659 735 3719 subterraneos
757 3658 934 3739 peculiarem
957 3658 1100 3740 quendam
1123 3657 1257 3734 ductum3
1281 3660 1313 3717 ut
1333 3674 1390 3736 per

104 3797 159 3840 eos
180 3777 264 3837 riuos
286 3777 322 3836 ad
344 3776 534 3853 praecipuum
557 3775 675 3836 luctuum
697 3794 790 3856 aquae
808 3774 947 3852 Virginis
969 3773 1184 3855 acquisitiones
1207 3774 1292 3853 ipsae
1314 3791 1388 3852 per-

103 3894 252 3955 venirent.
294 3889 383 3953 1³01.
428 3890 500 3954 scu.
530 3890 628 3970 legit:
667 3893 909 3972 Ammiteanoi
941 3910 981 3951 no
1012 3890 1141 3966 duetus,
1175 3893 1226 3972 qui
1257 3899 1388 3953 vocatur

102 4011 258 4091 Aepusto,
279 4012 339 4070 riui
359 4007 438 4070 subt.

730 4129 776 4186 12.

181 4240 335 4304 litescunt
355 4242 437 4303 uitro
459 4246 535 4316 unte.)
559 4243 605 4304 lle
627 4260 723 4324 aquae
739 4243 900 4319 Augustae
923 4242 1042 4321 origiue
1060 4240 1109 4302 hic
1126 4239 1212 4301 locum
1228 4239 1383 4302 lurubcndus

100 4362 148 4420 cst
169 4359 330 4438 prinecps3
353 4358 432 4439 quml
455 4359 510 4419 uiri
532 4359 612 4419 lucii
637 4378 695 4419 unu
714 4360 788 4419 satis
806 4361 981 4437 respexisse
999 4361 1148 4420 uiolentur.
1182 4354 1382 4433 Scluultnium,

100 4472 149 4535 ubi
176 4471 232 4535 uae
255 4474 293 4533 de
314 4492 347 4536 re
370 4476 518 4552 disputat,
549 4494 606 4535 rrum
630 4477 703 4536 satis
725 4475 883 4552 intelligo,
912 4478 990 4556 queri
1015 4478 1144 4550 ing-unus
1169 4475 1281 4547 fatcor,
1312 4473 1383 4533 licut

337 4650 389 4703 ἱ»
