2978 4988
475 1330 1002 1439 boamundanae

665 1640 810 1697 ..awe-

89 1880 333 2037 Intendente
384 1983 520 2034 omnem
571 1960 721 2036 animmn
760 1984 948 2059 emamque
996 1959 1032 2035 in
1077 1959 1165 2036 Julii
1201 1957 1374 2069 Comaru

85 2092 377 2181 Commentarios
414 2117 508 2166 nova
546 2096 764 2169 annotatione
803 2096 923 2169 critica
964 2092 1185 2168 adornandos
1218 2094 1372 2175 eircum-

91 2235 343 2326 speotanteque
379 2225 557 2323 praesidia
595 2226 675 2300 huie
712 2228 858 2302 oonsilio
893 2225 1120 2324 exsequendo
1154 2228 1372 2333 necessarie,

94 2383 229 2434 meeum
263 2359 468 2456 neoopinato
499 2328 1375 2456 Fla.ufln0P11.WnLdKnnUS,'euiis

89 2492 219 2565 summi
243 2491 311 2591 viri
336 2491 472 2590 gratiae
498 2492 739 2588 amicitiaeque
765 2489 847 2588 quid
874 2491 1022 2565 debeam
1046 2490 1165 2566 dicere
1188 2515 1259 2565 non
1281 2516 1375 2592 pos·

94 2648 191 2722 snm,
226 2647 338 2722 prope
351 2624 467 2705 ...finem
491 2650 557 2712 an„
571 2622 940 2701 eroccfflvl
965 2649 1030 2723 per
1053 2624 1187 2698 litteras
1214 2638 1374 2701 eomm-

85 2758 238 2854 nieavit,
279 2780 363 2831 esse
400 2758 436 2830 in
474 2758 551 2831 suis
584 2758 744 2833 manibus
784 2755 889 2835 Seu.
922 2757 1043 2831 Julii
1076 2750 1376 2843 Frontini‘2ile

89 2914 238 2998 aquae
263 2887 480 2964 ductibus
505 2890 635 2964 urbis
658 2890 830 2963 Romae
852 2888 1037 2964 editionem
1055 2887 1375 2970 CHRIS'POPH.

90 3022 214 3100 LUD.
246 3022 385 3098 ΕΒΗ).
420 3018 712 3099 SCHULTZII
745 3047 853 3120 opera
889 3031 1151 3120 praeparatam,
1191 3018 1376 3103 unacum

89 3155 190 3230 libris
222 3177 327 3228 manu
361 3155 503 3252 scriptis
538 3153 710 3250 editisque
735 3164 840 3252 atque
864 3134 976 3251 bmni,
1013 3176 1082 3251 quo
1110 3126 1377 3233 Scbtdtziusiu

89 3310 159 3361 sua
183 3286 339 3385 paranda
365 3285 514 3363 editione
539 3309 630 3361 usus
656 3287 801 3384 fuisset,
831 3295 1001 3387 apparatu
1026 3285 1166 3384 oritioo,
1193 3287 1375 3386 prolixos-

88 3444 160 3518 que
192 3444 310 3494 rerum
344 3419 495 3492 omnium
532 3417 577 3492 ad
602 3441 713 3516 aquae
739 3419 865 3494 duetus
893 3419 1135 3518 pertinentium
1159 3392 1376 3497 commerta-

86 3554 184 3645 rios3
221 3574 333 3648 eaque
359 3561 500 3653 cuneta,
521 3552 564 3625 ab
591 3550 780 3627 heredibus
808 3552 961 3626 desunoti
976 3551 1044 3626 viri
1058 3552 1153 3627 illius
1168 3526 1375 3653 amplissimi

87 3685 159 3760 sibi
185 3684 394 3779 commissa,
426 3683 508 3761 mihi
541 3683 586 3758 ad
617 3685 777 3758 Frontini
808 3685 964 3761 libellum
996 3685 1101 3759 novis
1135 3687 1230 3759 euris
1266 3668 1373 3775 reeb:-

84 3798 332 3917 gnoseeirdum
357 3841 399 3891 se
425 3841 510 3892 esse
535 3816 749 3914 traditurum,
779 3840 848 3915 qua
873 3818 965 3892 solet
990 3841 1078 3916 erga
1091 3841 1150 3891 me
1166 3818 1321 3921 amicitia-
1337 3829 1373 3897 et

84 3950 307 4046 humanitate,
334 3950 503 4048 promisit.
539 3949 636 4025 Rem
658 3950 802 4024 arduam
829 3973 914 4023 esse
939 3950 1050 4048 probe
1075 3948 1274 4049 intelligens
1290 3964 1370 4029 ma-

83 4083 263 4182 ximisque
295 4107 352 4157 me
386 4081 646 4159 difficultatibus
680 4082 954 4157 conflictaturum
989 4080 1219 4182 praesidem,
1259 4093 1297 4158 ut
1331 4084 1368 4163 in

85 4216 260 4315 scriptore
287 4215 476 4314 depravato
503 4225 538 4289 et
561 4217 715 4291 mutilato
742 4241 785 4290 ae
810 4240 918 4314 supra
944 4238 1048 4313 quam
1073 4198 1365 4314 cuiquameredi·

82 4348 156 4426 bile
182 4346 403 4446 estdfficili,
430 4358 546 4423 tamen
572 4350 616 4425 ob
644 4350 791 4448 egregia
816 4347 941 4444 studia,
969 4349 1097 4445 quibus
1116 4342 1365 4447 praecessis'be

82 4476 309 4569 Sahultaium
341 4483 445 4559 rebar
476 4481 703 4559 illustrantem
737 4492 772 4556 et
797 4479 1055 4578 emendantem,
1089 4481 1241 4557 Julianis
1267 4483 1363 4561 euris

82 4694 130 4777 ‘rije
1079 4748 1159 4801 ,W
1276 4724 1295 4775 ,·
1330 4726 1376 4769 -u

1133 4796 1149 4803 ..
1214 4802 1245 4871 ,ἢ
1275 4810 1287 4827 ,Ι
