2978 4988
141 344 215 421 226
564 338 1005 423 ANNO'IA'I'IONES.

134 581 279 671 ¹dicundo
302 590 400 641 antem
421 599 585 642 mensorem
607 579 711 641 bonnm
734 584 831 642 otram
853 583 1011 641 etinctum
1033 597 1134 659 opere,
1156 599 1251 661 nenne
1273 579 1342 642 ulla
1362 601 1426 642 nm-

143 700 256 760 titione
276 705 331 758 aut
350 695 492 757 sordibus
512 699 636 774 nanneni,
659 715 787 758 servare
808 701 977 778 opinionem
997 698 1113 756 meritis
1133 704 1163 758 et
1183 696 1329 758 moribus.

225 818 359 888 itinera,
386 808 493 892 aetna]
532 812 629 874 Iltiam
648 811 761 876 Cicero
786 810 911 875 Caecin.
934 818 973 873 26
998 815 1073 887 iter,
1102 821 1191 873 nctus
1218 811 1304 873 iuxta
1332 812 1425 892 ponit.

144 929 217 991 Scir.
239 927 317 990 hene
335 927 449 989 reddit:
472 926 589 1007 „Fuss-
613 929 672 988 und
695 927 895 1004 Falrraege.“
937 927 1142 989 Differentiam
1165 929 1313 989 nominum
1337 929 1427 988 iuris-

144 1043 275 1105 consulti
307 1044 536 1105 consiltuerunt.
583 1043 767 1123 Pomponius
793 1043 869 1121 nug.
897 1041 983 1106 VIII.
1014 1048 1047 1121 l,
1073 1047 1125 1106 1¹3:
1157 1043 1194 1106 Si
1220 1051 1281 1104 lano
1308 1047 1428 1124 nnpnon‘

144 1162 207 1224 loci
229 1160 478 1222 demonstratione
496 1160 588 1240 foeta
608 1162 661 1221 nia
683 1177 830 1223 concesso
844 1159 949 1239 suerit,
971 1168 1004 1222 nt
1023 1159 1314 1241 aequeordinatam,
1336 1181 1430 1243 neque

144 1282 300 1340 iumentum
322 1294 360 1337 en
381 1279 563 1357 torpuerit,
588 1280 646 1338 iter
667 1279 765 1356 anapia
787 1295 874 1358 qnam
894 1279 948 1337 uin
970 1283 1025 1337 ant
1044 1283 1135 1337 actus
1150 1279 1321 1358 acquisitus
1341 1277 1428 1339 eide-

146 1394 233 1456 titnr.
277 1392 342 1455 Sed
362 1397 390 1453 oi
412 1396 568 1453 iurncntnno
586 1411 645 1473 per
661 1411 728 1454 earn
750 1392 821 1453 daci
839 1396 964 1472 poterit,
985 1410 1045 1454 non
1059 1395 1152 1455 eliam
1171 1391 1353 1467 ordiendum,
1374 1412 1428 1452 no-

143 1521 194 1572 tus
213 1509 366 1570 videditur
387 1511 563 1590 acquisitus.
607 1506 799 1569 Modestinus
819 1508 897 1586 Dig.
919 1507 1006 1571 VIII.
1028 1511 1060 1586 3,
1086 1512 1141 1571 12:
1173 1507 1258 1570 Inter
1280 1517 1382 1569 actum
1402 1516 1431 1570 el

144 1631 203 1687 iter
223 1625 369 1686 nonnulla
390 1634 437 1686 eet
463 1624 653 1706 differentia:
680 1628 738 1687 iter
765 1631 813 1685 est
837 1628 929 1701 enim,
959 1644 1020 1707 qua
1047 1629 1113 1706 puta
1137 1617 1244 1705 pedes
1264 1625 1315 1685 vel
1341 1640 1429 1707 ennoea

146 1761 310 1805 commeare
328 1748 451 1822 polesl,·
472 1749 562 1800 nctus
582 1758 667 1814 vero,
688 1737 739 1799 nbi
760 1728 790 1800 et
813 1749 948 1803 armenta
968 1743 1113 1802 traiicere
1134 1749 1165 1802 et
1184 1740 1354 1802 venientum
1371 1734 1428 1800 dn,

146 1877 218 1920 cere
246 1857 350 1918 licent.
393 1854 483 1916 Plura
506 1854 689 1916 desideranti
718 1853 871 1915 abundans
897 1855 1057 1916 medItandi
1087 1860 1118 1917 ot
1147 1856 1319 1935 disputandi
1341 1857 1428 1935 copia

146 1977 230 2059 patet
252 1974 281 2032 in
304 1971 468 2032 novissima
484 1968 617 2030 editione
635 1969 794 2030 I'orcellin.
817 1973 847 2031 in
869 1990 921 2032 vv.
943 1975 1010 2047 iter,
1032 1981 1133 2050 nctus,
1156 1976 1219 2048 cio,
1242 1975 1274 2034 et
1295 1973 1325 2032 in
1347 1972 1428 2033 viro-

145 2108 207 2151 rum
232 2089 398 2166 doctorum,
422 2088 472 2167 qui
494 2085 536 2146 ibi
557 2085 725 2163 laudantur,
748 2086 1021 2151 obseruationibus.

756 2291 827 2348 126.

229 2439 381 2500 victuales
400 2441 471 2499 uino
492 2435 704 2520 oprestesque]
738 2439 875 2499 Brissou.
898 2456 930 2499 v:
952 2443 1014 2516 oio,
1035 2455 1065 2501 n.
1089 2442 1118 2501 l.
1142 2438 1249 2503 Sanco.
1271 2441 1379 2502 Bonos.
1400 2459 1429 2518 p.

150 2560 223 2619 516.
253 2553 392 2618 flnlnn.
433 2554 482 2615 Dc
511 2557 572 2616 uiis
596 2552 802 2616 vincinolr'bus
829 2573 862 2613 v.
892 2551 1011 2633 Ulpian.
1038 2554 1112 2630 nug.
1139 2554 1250 2617 XLIII.
1286 2559 1320 2633 1,
1349 2561 1379 2616 3.
1402 2560 1432 2616 et

148 2671 258 2733 XLIII.
287 2678 323 2747 8,
358 2673 389 2730 2.
434 2670 534 2750 Saepe
563 2671 826 2731 commemorantur
858 2671 888 2730 in
916 2669 1112 2747 scriptoribus
1138 2671 1183 2731 roi
1219 2673 1370 2747 agrariae.
1402 2692 1431 2734 v.

149 2786 244 2849 (Inus.
267 2786 331 2849 Iud.
354 2786 403 2846 uhi
426 2786 513 2846 otiam
536 2785 778 2860 Frontinilocus
800 2787 930 2846 allcrtur.
956 2785 1007 2844 Ex
1028 2783 1168 2862 UIIpiano
1191 2791 1347 2867 postquam
1365 2788 1432 2864 sig-

149 2899 350 2962 nificationem
374 2901 516 2979 exposuIt
535 2900 710 2961 Brissonius
739 2897 787 2979 [in
803 2897 943 2961 Schardii
965 2899 1041 2962 Lex.
1060 2901 1158 2963 durid,
1181 2922 1211 2962 v.
1234 2900 1323 2984 oia),
1356 2896 1434 2964 adii-x

150 3017 209 3078 cit:
245 3015 312 3094 „ita
339 3016 404 3076 vias
432 3015 579 3077 vicinales
608 2989 712 3093 accipe
734 3013 812 3092 apud
833 3014 968 3076 Frontin·
995 3016 1031 3075 do
1053 3015 1214 3098 Aquaed.“
1256 3019 1327 3095 Ego
1350 3017 1436 3079 alitor

152 3132 262 3195 sentio·
304 3131 379 3192 Nom
401 3131 469 3192 vinc
492 3130 641 3194 ulcinales
663 3130 743 3208 apud
764 3127 920 3209 Ulpianum
942 3131 1040 3209 magis
1055 3138 1131 3200 ,sunt
1152 3133 1300 3212 publicae,
1344 3134 1435 3212 Apud

152 3247 325 3311 I'norrtInum
349 3252 444 3310 aratam
469 3249 604 3327 privatae
626 3246 725 3322 magis
746 3245 814 3306 viae
836 3245 1056 3323 intelligendae
1078 3267 1148 3309 esso
1172 3232 1330 3328 videntur,
1362 3267 1435 3332 quoe

142 3385 170 3426 >o
193 3365 321 3446 privatis
343 3364 577 3443 possessoribus
599 3360 671 3422 fiunt
692 3363 724 3421 et
743 3361 927 3440 reficiuntur,
950 3363 1151 3442 perplurium
1173 3364 1437 3444 privatorumtan-

152 3483 212 3542 tum
235 3497 328 3558 agros
349 3482 454 3558 patent
474 3479 715 3558 privatorumque
735 3475 865 3556 pedibus
895 3479 1089 3540 communium
1110 3480 1259 3541 calcantur
1281 3481 1312 3539 ot
1333 3478 1437 3540 horum

151 3593 274 3656 utilitati
304 3596 335 3655 ot
362 3594 517 3656 conmrodo
548 3593 726 3653 iuserviunt.
771 3593 867 3653 Etiam
895 3597 967 3654 ariae
994 3606 1134 3674 apresens
1161 3596 1294 3657 Frontini
1318 3595 1438 3655 differre

34 3778 39 3785 ,
152 3708 294 3772 videntur
322 3709 361 3770 oo
384 3712 519 3788 aprutio,
547 3726 621 3789 quae
643 3709 799 3768 vocantur.
842 3712 996 3788 Apronius
1023 3721 1095 3773 sunt
1119 3711 1171 3773 ool
1197 3711 1240 3771 lu
1266 3731 1344 3793 quae
1370 3715 1439 3772 sunt

152 3828 183 3884 in
204 3828 300 3904 apris,
324 3824 430 3906 quibus
451 3825 594 3905 imposita
616 3832 662 3887 ost
682 3825 824 3900 seruitus,
847 3833 882 3884 ut
901 3826 945 3887 od
966 3846 1070 3906 aprum
1087 3827 1217 3888 ulterius
1235 3827 1373 3903 ducant,·
1389 3827 1439 3888 erl

152 3941 212 4002 Ine
234 3959 312 4020 quae
334 3939 378 4000 ad
398 3957 491 4019 apros
513 3938 642 4019 dncnnt,
668 3959 726 4020 per
748 3959 824 4021 quas
844 3941 981 4004 omnibus
1009 3963 1167 4024 permeare
1194 3944 1282 4018 lieet,
1311 3945 1343 4002 in
1366 3961 1441 4024 qnos

153 4060 253 4119 exitia
275 4055 313 4116 de
333 4058 386 4116 niu
409 4055 582 4116 consulari:
611 4054 731 4134 Ulpiau.
754 4054 775 4115 I.
797 4074 826 4116 c.
855 4058 1003 4137 Aprestes
1023 4077 1116 4139 vcro,
1146 4076 1265 4140 quarum
1287 4056 1346 4119 hoc
1370 4059 1440 4138 qui·

154 4173 220 4234 dern
241 4173 360 4232 nomine
391 4170 511 4232 anullo
535 4170 593 4231 alio
616 4175 752 4234 veterum
774 4172 951 4250 scriptorum
975 4173 1150 4237 mentionem
1172 4175 1279 4232 iactam
1297 4173 1438 4249 Invenio,

152 4286 295 4350 viduatur
316 4305 387 4349 esse
410 4285 596 4364 slogulorum
619 4289 815 4366 privatorum,
840 4288 984 4365 tramiios,
1009 4290 1039 4348 iu
1061 4287 1124 4349 iure
1146 4289 1359 4369 potestateque
1382 4307 1442 4366 po-

153 4399 203 4462 snt
224 4400 309 4463 Illius
330 4403 539 4481 possessoris,
569 4405 619 4483 qui
648 4402 725 4463 talos
755 4420 811 4482 per
838 4420 932 4479 agros
959 4419 1032 4462 suos
1062 4404 1090 4463 In
1113 4422 1173 4463 reru
1201 4421 1281 4463 suram
1310 4404 1439 4482 paravit.

152 4516 256 4598 Itaque
279 4517 380 4595 potius
402 4516 480 4577 lanio
502 4536 568 4579 cum
590 4516 717 4598 Paleou,
741 4517 930 4598 explicante:
955 4516 1122 4595 „victuales
1140 4519 1212 4580 ¹vinc
1234 4536 1290 4597 per
1311 4518 1440 4580 confinia
