2978 4988
468 276 542 352 DE
568 274 759 368 *tonan
783 271 1064 352 buculcus,

198 513 319 608 risque
344 505 465 587 ltaliae
491 512 592 603 locis,
632 510 757 582 unciae
781 510 816 582 in
841 506 1069 606 puprdaribus
1095 507 1290 583 rationibus
1313 508 1380 581 ad-

100 711 103 719 r
197 627 266 701 huc
291 629 535 702 observantur.
586 625 656 700 ldst
684 637 800 699 autem
824 623 968 721 diguus,
995 634 1034 697 ut
1054 626 1228 720 convenit,
1255 636 1380 707 sexta-

196 741 333 817 decima
370 768 454 840 pars
492 742 605 840 podia,
654 742 757 815 uncia
795 739 1013 815 duodecima.
1077 737 1381 831 Quemadmodum

198 870 313 934 autem
344 861 433 933 inter
466 860 602 932 unciam
635 870 669 931 et
701 856 846 955 digitum
880 855 1081 950 diversitas,
1122 856 1236 931 itaet
1262 857 1381 953 ipsius

198 975 297 1073 digiti
334 966 484 1072 simplex
522 976 724 1051 observatio
762 998 831 1048 nou
865 985 931 1047 cst.
982 973 1091 1048 Alius
1117 982 1264 1046 vocatur
1289 994 1379 1069 qua-

197 1092 331 1184 dratus,
371 1091 462 1164 alius
495 1090 675 1165 rotundus,
701 1110 702 1113 ’
727 1087 931 1181 Quadratus
964 1089 1077 1164 tribus
1102 1085 1382 1186 quartisdecimis

200 1209 276 1281 suis
301 1207 449 1282 rotundo
469 1190 618 1298 ,maiors
637 1204 808 1279 rotundus
833 1205 946 1280 tribus
971 1202 1163 1278 undecimis
1189 1204 1266 1280 suis
1291 1225 1382 1300 qua·

122 1323 174 1399 26
200 1324 296 1398 drato
323 1327 434 1397 minor
460 1335 526 1418 est,
570 1323 705 1396 scilicet
731 1323 811 1418 quia
837 1321 957 1418 anguli
981 1319 1191 1394 deteruntrut
1243 1318 1380 1392 Postea

187 1439 372 1534 modulus,
414 1464 480 1514 nec
505 1441 549 1515 ab
576 1441 678 1513 uncia
702 1462 769 1512 nec
794 1438 838 1512 ab
865 1437 1029 1510 alterutro
1055 1434 1241 1533 digitorum
1268 1435 1381 1532 origi-

199 1582 277 1631 nem
304 1556 494 1653 accipiens,
531 1554 703 1649 inductus,
738 1564 777 1631 ut
802 1552 942 1650 quidam
965 1560 1096 1649 putant,
1133 1552 1176 1627 ab
1202 1550 1379 1648 Agrippa,

199 1682 237 1746 ut
262 1674 341 1768 alii,
381 1667 623 1772 aplumbariis
639 1695 703 1767 per
717 1669 921 1744 Vitruvium
943 1665 1189 1762 architectum,
1217 1668 1252 1741 in
1277 1680 1382 1746 usum

200 1789 310 1865 Urbis
337 1788 493 1869 exclusis
518 1788 692 1885 prioribus
705 1785 811 1882 venit,
839 1784 1033 1883 appellatus
1053 1787 1208 1883 quinario
1221 1789 1379 1862 nomine:

201 1904 260 1998 qui
285 1915 401 1976 autem
419 1903 626 2001 Agrippam·
644 1911 823 1976 auctorem
844 1901 984 1997 faciunt,
1010 1899 1137 1999 dicunt,
1165 1903 1257 2000 quod
1279 1904 1381 2000 quin-

201 2043 270 2115 que
295 2021 424 2116 antiqui
448 2018 579 2093 moduli
605 2019 716 2094 exiles
748 2030 783 2093 et
818 2016 926 2095 veluti
956 2028 1096 2116 puncta,
1136 2020 1262 2114 quibus
1301 2020 1383 2094 olim

202 2158 302 2231 aqua,
344 2160 423 2209 cum
449 2136 579 2233 exigua
611 2148 720 2233 esset,
760 2135 988 2230 dividebatur,
1027 2143 1063 2216 in
1095 2160 1197 2212 unam
1231 2135 1382 2210 fistulam

203 2253 316 2329 coacti
346 2265 443 2343 sunt3
483 2254 541 2349 qui
566 2252 768 2328 Vitruvium
800 2269 835 2330 et
859 2238 1085 2352 plumba-ios,
1123 2256 1167 2331 ab
1195 2281 1249 2351 eu,
1289 2254 1385 2353 quod

200 2368 364 2466 plumbea
389 2369 514 2442 lamina
540 2372 652 2469 plana,‘
689 2373 839 2470 quinque
865 2371 1053 2470 digitorum
1078 2372 1291 2446 latitudinem
1317 2376 1383 2449 ba»

99 2542 101 2548 -
202 2484 302 2581 bens,
331 2486 541 2560 circumacta
565 2492 600 2560 in
627 2486 821 2584 rutundum,
855 2487 946 2562 hunc
972 2487 1110 2562 fistulae
1135 2489 1275 2564 modum
1301 2492 1383 2565 elfi-

203 2601 282 2675 ciat.
309 2599 386 2677 Sed
396 2601 637 2677 hocincertum
646 2617 717 2697 est3
733 2607 905 2702 quoniam,
922 2629 1000 2678 cum
1013 2607 1272 2707 circumagitur,
1291 2610 1385 2684 sicut

97 2804 344 2828 ’,Μ-

204 2942 347 3021 ccpcrunt
364 2957 422 3025 pro
445 2958 513 3007 aum
536 2935 581 3019 [id
603 2957 720 3021 quoque
743 2937 990 3001 extimatorum
1011 2939 1125 3024 more),
1149 2945 1225 3007 unde
1246 2950 1385 3026 proiecta

209 3046 258 3104 est
278 3038 308 3100 V
330 3042 361 3101 ol
381 3038 405 3101 F
426 3038 535 3100 lectica
558 3038 742 3101 obseruatio.
784 3038 870 3102 Num
890 3039 971 3102 aliua
993 3040 1041 3122 [in
1062 3040 1110 3104 bis
1133 3043 1207 3122 onim
1229 3044 1315 3108 librls
1337 3057 1385 3111 est

198 3141 294 3205 amtttl
316 3138 407 3218 solet,
435 3140 468 3200 ut
489 3126 544 3199 lam
567 3135 759 3218 monuimus).
802 3137 837 3201 lu
861 3138 881 3201 J
903 3142 934 3202 et
954 3157 1016 3203 reo.
1038 3145 1135 3205 autom
1157 3146 1282 3227 utroquo
1306 3146 1384 3224 (noa

204 3245 236 3304 ct
255 3248 341 3318 num)
361 3243 478 3302 retento
501 3236 644 3300 excusum
666 3242 734 3301 osta
757 3237 930 3302 observatio
952 3260 1012 3303 aon
1032 3251 1090 3304 est.
1118 3244 1204 3313 Nam
1223 3245 1304 3308 alius
1326 3250 1384 3311 etc.

203 3343 250 3404 lin
270 3340 429 3401 verissima
449 3338 510 3401 locl
530 3337 664 3400 historia.
837 3408 845 3420 ,

244 3438 505 3525 quartadecima)
527 3434 571 3500 0:
594 3437 856 3520 puortlsdccumis,
878 3442 909 3503 el
930 3438 1008 3502 infra
1027 3439 1212 3526 cadrcumls.

242 3539 406 3610 rotradus)
428 3538 462 3600 ln
483 3536 513 3600 V
533 3535 557 3598 F
585 3539 673 3600 dccet
694 3539 858 3604 sententiat
881 3539 1164 3603 rotundus—minor
1184 3552 1242 3604 est.

138 3657 171 3712 ps
242 3638 441 3722 palumbarium
464 3634 554 3700 (an
576 3636 753 3718 plumbariae.
796 3637 830 3700 ln
850 3657 915 3720 seq.
938 3639 968 3701 V
989 3658 1046 3701 om.
1067 3640 1202 3703 cariosis
1219 3644 1386 3724 prioribus.

245 3741 346 3813 coactt
366 3738 453 3815 aune)
482 3736 561 3816 Lag
582 3740 651 3798 rint.
672 3736 811 3813 Hnlttlt
874 3740 1002 3820 Propter
1022 3735 1149 3823 efficiat,
1170 3742 1287 3820 opinor
1323 3741 1386 3804 lm-

203 3857 251 3901 mo
274 3837 390 3919 efficiat
410 3837 532 3916 scripsit
552 3841 666 3917 noster,
692 3839 762 3920 quia
782 3842 850 3917 lpaa
870 3856 921 3899 res
942 3838 1054 3902 incerta
1075 3842 1133 3901 ost.

244 3939 328 4002 cebet
343 3931 476 4020 puncta)
505 3933 624 3999 UJct
644 3949 715 3998 root
747 3938 851 4000 orbati
895 3935 984 4004 Vl'·
1020 3937 1116 4001 albari
1133 3943 1261 4021 puncta
1304 3904 1385 4003 lnlra

202 4039 294 4102 Vl'·
316 4041 347 4100 ia
365 4036 563 4121 plumbariae.

245 4139 343 4222 plana
364 4139 443 4218 etc.)
458 4137 533 4202 vr:
553 4139 651 4222 plana
673 4157 749 4222 pauc
770 4136 931 4216 attritorum
952 4099 1006 4201 lut.
1029 4137 1098 4202 ltab
1122 4142 1387 4206 circumclamata

203 4243 282 4306 lunc
298 4239 421 4320 fistulae
440 4223 558 4302 modom
577 4249 635 4302 rot.
657 4238 776 4321 os·

244 4339 476 4421 circumactum)
497 4339 527 4403 V
547 4338 586 4403 l'.
610 4342 721 4400 circum
742 4339 829 4399 circa
849 4340 962 4417 apitur.

128 4518 129 4522 ,
244 4447 372 4526 pmupue
394 4442 517 4528 quadr.)
560 4437 652 4503 Vl:
676 4441 814 4520 pacatam
836 4437 946 4521 quadr.
