2978 4988
524 364 943 451 'll'RON'l'lNUS

195 602 304 697 aliter⁷
334 627 423 699 quae
449 604 607 679 iacienda
634 629 793 702 quaeque
815 605 955 680 vitanda
972 608 1052 702 sint,
1079 630 1191 704 posse
1216 607 1380 702 decerni3

195 717 334 792 allurlve
365 732 434 793 tam
466 722 670 796 indecorum
699 723 871 797 tolerabili
904 725 1000 819 viro,
1041 749 1144 821 quam
1177 725 1381 824 delegatum

91 892 352 913 Μ-

192 978 287 1036 ceeait
305 983 336 1036 et
354 974 522 1036 adiuturum
544 973 680 1035 demovit
698 993 792 1034 usum.
814 971 889 1034 Scir.
910 972 1058 1036 correxit:
1087 980 1257 1057 praepositi
1277 978 1323 1041 ad
1337 975 1379 1042 il-

191 1073 285 1135 lorum
307 1075 441 1137 decurrit
460 1092 553 1135 usum.
597 1092 629 1133 v.
655 1071 782 1134 Annott.

231 1192 353 1256 puerum
373 1177 432 1235 etei
451 1193 518 1234 nee.
541 1175 616 1244 etc.)
640 1171 743 1247 Lego:
765 1192 814 1256 qu.
836 1177 894 1235 etei
915 1192 981 1234 nec.
1002 1183 1117 1256 portes,
1149 1183 1221 1236 suat
1242 1176 1288 1238 ud
1305 1181 1377 1240 mira.

187 1280 310 1352 tuntum,
337 1284 370 1335 ut
394 1293 473 1334 mun.
502 1291 550 1354 pu.
583 1282 615 1334 et
638 1275 869 1351 instrumentum,
890 1276 1017 1352 repentio.
1060 1274 1136 1336 Post
1166 1285 1237 1337 eunt
1265 1277 1377 1341 subint.

187 1383 295 1450 tumen,
319 1378 351 1436 et
372 1374 412 1433 ci.
434 1370 554 1433 Rubnlr.
576 1371 613 1431 ari
634 1370 757 1432 Terent.
778 1390 810 1450 p.
835 1377 904 1451 178,
928 1378 978 1432 13.
1000 1376 1031 1434 et
1051 1373 1088 1433 ari
1109 1372 1247 1455 Aquilam
1262 1377 1323 1439 Ro.
1344 1398 1377 1458 p.

190 1477 259 1533 loo.
281 1473 396 1533 Duker.
425 1471 461 1531 ad
488 1470 568 1531 Flor.
594 1489 626 1549 p.
649 1476 720 1532 308.
742 1469 881 1532 HlllNR.
905 1469 1002 1533 Gonu.
1026 1477 1058 1535 et
1078 1473 1126 1533 erl.
1147 1486 1211 1553 pn:
1239 1496 1289 1558 pu.
1318 1481 1378 1540 etei

188 1569 248 1645 (02
270 1571 315 1648 ei)
337 1591 403 1632 nec.
425 1590 457 1651 p.
479 1579 548 1631 eunt
577 1569 639 1641 (Vt
660 1568 739 1646 aiat)
765 1569 810 1631 ud
834 1575 904 1631 rnr'u.
931 1581 1028 1632 tomen
1048 1581 1081 1632 ut
1100 1593 1179 1633 mun.
1202 1594 1251 1656 pu.
1272 1585 1304 1637 et
1324 1579 1375 1637 irr-

185 1679 290 1732 strum.
310 1674 437 1752 upentr‘e.
460 1670 499 1730 F:
521 1688 568 1752 pu.
592 1673 649 1730 etsi
669 1689 735 1731 nec.
755 1689 788 1750 p.
809 1678 894 1750 sunt,
927 1681 1024 1731 tumen
1044 1671 1375 1739 acaemetarum-

185 1774 313 1852 aprutio.
356 1786 413 1830 nec
434 1767 520 1830 aliter
539 1768 635 1829 Paris.
657 1768 677 1828 J
698 1773 730 1831 ct
749 1787 831 1850 rec,
853 1770 909 1832 nisi
934 1770 1012 1851 quoi
1038 1771 1148 1834 addunt
1167 1777 1287 1853 npentie
1306 1795 1376 1837 eree

186 1869 302 1932 debmt.
344 1867 412 1929 Pol.
435 1866 592 1944 vulgavit:
621 1887 669 1951 qu.
696 1871 754 1930 etsi
780 1889 846 1930 nec.
872 1878 994 1949 portes,
1023 1879 1092 1932 sunt
1116 1871 1160 1932 nrt
1183 1875 1253 1937 min.
1274 1883 1376 1936 tumen

183 1979 217 2030 ut
236 1987 315 2029 mun.
338 1988 388 2051 pu.
410 1977 441 2029 et
459 1970 546 2028 inetr.
567 1971 693 2048 operette.
736 1967 838 2030 Verba
858 1987 925 2030 esse
948 1968 1054 2030 bbere
1078 1970 1110 2030 vi
1140 1971 1268 2034 iurtrusa
1290 1991 1373 2054 esse,

184 2067 391 2128 animadvertit
410 2066 477 2127 Pol.
501 2065 674 2130 Sobultuius
695 2075 792 2129 tumen
814 2073 987 2129 extentum
1015 2068 1207 2149 depravatum
1229 2089 1300 2133 esse
1321 2075 1372 2134 ai-

183 2166 303 2226 iirmans
316 2166 454 2242 refingit:
476 2185 524 2248 pu.
547 2169 604 2226 etei
624 2185 690 2227 nec.
711 2185 744 2247 p.
766 2165 810 2228 nd
827 2169 909 2242 min,
931 2175 1044 2228 tuntum
1055 2174 1281 2250 monuo-operti
1292 2182 1373 2235 eunt.

183 2264 211 2325 in
234 2269 295 2326 not.
319 2279 380 2327 cr.:
403 2286 451 2348 pu.
474 2268 531 2327 etsi
552 2285 618 2326 nec.
637 2285 671 2347 p.
692 2272 771 2343 sunt,
791 2274 920 2346 prosunt
938 2266 982 2328 uri
999 2270 1069 2328 min.
1091 2274 1383 2349 arnonus-aperti.-

182 2365 251 2441 ligo
274 2383 396 2443 censeo,
418 2363 588 2444 particulam
611 2373 645 2425 ut
664 2363 767 2424 deberi
788 2365 963 2444 compendio
995 2352 1026 2428 et
1046 2367 1066 2428 i.
1089 2384 1118 2427 e.
1144 2375 1216 2427 eunt
1238 2367 1290 2428 vel
1309 2388 1370 2448 po-

181 2464 241 2526 tius
262 2468 323 2526 aiat
352 2465 452 2547 [quoi
475 2464 504 2525 iu
533 2463 551 2524 J
572 2464 650 2524 bene
673 2463 840 2543 explicatur
861 2464 964 2526 verbis
985 2483 1052 2527 eree
1073 2464 1217 2546 debent),
1240 2470 1271 2528 et
1292 2466 1371 2530 iuter

180 2566 243 2624 sint
267 2569 298 2626 et
325 2585 431 2626 monum
458 2563 640 2624 librariorum
670 2564 858 2626 conniventia
889 2564 1039 2625 excidisse
1068 2568 1206 2643 nonnisi,
1235 2566 1300 2626 scil.
1331 2567 1371 2629 ob

179 2663 321 2742 quandam
345 2663 580 2742 similitudinem,
609 2680 694 2744 quam
722 2661 870 2724 vocabula
895 2681 1000 2725 munna
1029 2667 1061 2726 et
1088 2667 1208 2726 nonumi
1227 2663 1258 2726 in
1278 2665 1368 2728 codri.

180 2760 348 2824 obtulerint.

223 2859 417 2948 Quapropter
438 2859 545 2937 cmv
565 2859 607 2922 l':
635 2858 806 2938 Propterea
827 2877 913 2942 puae.
934 2858 1013 2922 inira
1033 2860 1078 2923 V:
1104 2859 1276 2932 morentii
1296 2849 1367 2924 ium.

221 2960 357 3020 velutin
380 2958 509 3042 eorpus)
547 2958 599 3021 Sic
620 2959 640 3019 J
661 2962 692 3021 et
712 2975 773 3018 rec.
796 2958 874 3020 Vide
895 2959 998 3020 Heiur.
1020 2961 1049 3023 iu
1070 2960 1195 3022 Anuott.
1238 2960 1301 3022 Sci
1324 2959 1367 3024 02

175 3060 213 3119 r‘n
233 3057 312 3120 buno
335 3077 457 3141 corpus.
480 3058 523 3122 U:
545 3063 577 3122 r'n
597 3059 656 3121 boc
677 3077 761 3140 corp.
783 3055 813 3120 V
833 3058 872 3119 F:
893 3059 951 3120 boc
967 3063 998 3120 r'n
1015 3079 1099 3141 corp.
1118 3059 1193 3120 unde
1211 3059 1277 3120 Pol.
1295 3062 1368 3122 vul-

180 3157 268 3236 gavit
288 3161 320 3220 in
341 3159 430 3220 unum
451 3174 536 3240 corp.
579 3157 653 3222 Scir.
681 3155 758 3234 legit
786 3157 882 3220 vetuti
907 3177 1028 3241 corpur.
1065 3159 1106 3220 Et
1127 3175 1199 3218 ecce
1220 3152 1248 3220 in
1271 3159 1367 3222 Paris.

184 3255 274 3318 rubro
296 3258 400 3321 coloro
422 3258 581 3336 corrigitur
602 3258 706 3335 ueluti,
729 3257 783 3318 scd
804 3257 883 3319 nulla
902 3257 1026 3338 amplius
1048 3273 1126 3317 voce
1149 3257 1267 3318 omissa.

222 3357 364 3437 AEductn)
385 3358 405 3419 l.
429 3376 458 3421 e.
480 3358 635 3439 disposita,
659 3357 789 3434 digesta.
822 3356 894 3419 ilica
914 3356 989 3418 baec
1003 3354 1167 3418 emendatio
1181 3360 1240 3419 est.
1263 3357 1366 3423 libri:

180 3456 322 3520 mincia.
355 3458 435 3540 quod
455 3456 538 3519 uibili
559 3460 617 3519 est.
660 3457 865 3519 Permutantur
892 3455 1035 3518 dimmere
1060 3456 1092 3518 et
1120 3453 1268 3518 deducere
1294 3456 1366 3523 Aa.

178 3561 232 3624 2⁰.
257 3562 327 3618 lit.
346 3596 348 3601 ·
369 3558 419 3619 Ex
440 3557 523 3619 libris
543 3555 684 3617 coniicias
704 3556 842 3618 reductu.
878 3611 882 3618 .

221 3655 372 3735 formula)
393 3656 440 3719 lta
457 3656 537 3718 libri.
550 3655 627 3717 Pol.
648 3656 758 3736 primus
779 3655 892 3736 formu.
913 3671 947 3713 v.
969 3650 1095 3712 Aunott.

221 3754 443 3826 succedentium
462 3775 513 3817 rea
533 3765 606 3818 octo
625 3754 688 3834 eat)
729 3754 775 3818 lta
795 3754 863 3815 libri
883 3754 1003 3832 praeter
1024 3748 1119 3810 Paris·
1139 3747 1170 3810 J.
1193 3754 1225 3812 ct
1245 3769 1320 3832 rec„
1336 3756 1366 3819 in

179 3852 303 3935 quibus:
324 3855 561 3918 antecedentium
587 3847 638 3916 reo
657 3863 730 3917 octo
750 3863 812 3932 est,
841 3856 873 3914 in
897 3851 956 3911 too
981 3865 1054 3910 uero
1081 3855 1112 3908 et
1139 3853 1364 3933 inaequcatium,

182 3955 268 4015 cuiue
288 3952 424 4033 fortusse
444 3958 505 4017 etc.
547 3953 694 4016 Diversus
721 3953 849 4013 virorum
877 3948 1028 4007 doctorum
1055 3945 1093 4005 de
1120 3944 1180 4010 boc
1201 3949 1269 4013 loco
1291 3971 1365 4015 scn-

180 4051 289 4112 tentias
314 4051 419 4130 partlm
445 4051 585 4115 ridiculas
610 4059 782 4131 exponere*
801 4048 921 4122 longum
944 4047 1002 4104 cst.
1045 4043 1120 4106 Scir.
1148 4041 1236 4111 brodo
1264 4053 1365 4114 reior-

152 4164 154 4168 ·
175 4153 256 4212 mat:
285 4168 359 4231 quoe
373 4154 706 4234 poeteaeuperimeatie
725 4158 757 4210 et
776 4165 831 4208 usu
852 4145 1015 4222 conposui.
1042 4144 1147 4208 modo:
1169 4147 1205 4209 ln
1217 4153 1365 4215 tiouutem

179 4247 282 4325 libris,
312 4266 385 4330 puoe
407 4269 471 4312 oum
493 4270 567 4333 epp.
594 4249 722 4311 oliorum
741 4240 909 4325 composui,
939 4241 1194 4308 antecendentium
1221 4268 1272 4312 reo
1291 4263 1365 4316 ncta

178 4356 247 4421 eot,·
266 4345 353 4406 tuine
374 4365 476 4411 comm.
503 4354 566 4412 etc.
609 4346 642 4409 ln
662 4345 681 4405 J
702 4343 767 4404 sole
790 4339 895 4401 clarius
915 4335 973 4395 loci
995 4339 1125 4402 autnon
1146 4344 1288 4412 intellecti
1313 4355 1364 4415 aut

178 4443 255 4506 male
276 4442 416 4509 intellecti
438 4443 654 4527 interpretandi
674 4442 798 4502 studium
815 4435 1028 4512 manifestatum
1050 4439 1140 4518 atque
1156 4462 1250 4509 rerum
1267 4468 1363 4514 nexus

177 4543 320 4621 declarat,
340 4545 444 4608 tactum
466 4541 744 4627 interpretationem
766 4538 984 4619 prolectamque
1005 4532 1072 4596 iude
1089 4546 1278 4610 mutationem
1288 4566 1362 4610 ¹csse
