2978 4988
244 356 318 431 rae
504 370 507 377 ·
659 324 1098 426 annonamomns

243 594 299 655 lrac
331 581 550 665 significatione
581 582 730 660 proprium
763 581 878 644 dicendi
904 601 1003 660 genus
1030 588 1076 644 est
1105 587 1266 662 temporum
1292 583 1481 662 posteriorum

243 707 325 771 mritis
354 722 426 765 usus
453 696 591 776 exempla
617 696 757 761 nonnulla
783 699 1096 778 nostrelnseriptioni
1123 698 1230 759 similia
1250 717 1391 776 promam.
1435 696 1488 761 Co«

241 821 349 886 lustin.
380 814 436 878 Xl.
464 817 518 888 42,
548 815 583 874 i:
620 817 777 894 reparatio
809 813 1048 895 aquaeductuum
1078 816 1178 875 tetricae
1208 813 1302 877 urbis.
1351 813 1427 876 lhid.
1458 819 1484 872 lt

240 941 365 1002 omniura
391 927 628 1013 aquaeductuum
657 927 744 989 taius
771 931 876 1008 reqiae
901 927 985 991 urbis
1008 930 1160 991 custodes.
1204 930 1291 1017 Quod
1313 929 1338 989 si
1360 930 1416 989 iam
1439 946 1474 989 co

241 1054 348 1117 credere
378 1046 502 1108 nolimus
509 1087 518 1120 ,
546 1040 713 1105 Frontinum
740 1045 836 1105 luisse
862 1045 1001 1123 primum,
1030 1046 1078 1126 qui
1102 1045 1206 1105 librum
1228 1064 1311 1107 snum
1335 1045 1374 1106 cle
1394 1064 1477 1126 aquo

241 1166 396 1241 ductibus,
416 1177 494 1222 voce
516 1159 695 1239 composita,
717 1159 920 1238 inscripserit,
942 1192 981 1204 -
1014 1160 1205 1240 documenta,
1232 1179 1307 1242 qnae
1330 1161 1483 1240 proposita

241 1283 418 1350 sententiam
451 1275 582 1336 funditus
616 1276 770 1350 evertant,
806 1274 904 1335 alterni
936 1293 994 1336 non
1020 1280 1148 1355 possunt
1169 1294 1226 1355 ——3
1262 1276 1313 1339 vel
1350 1278 1376 1336 si
1399 1295 1489 1354 nega

240 1368 384 1472 nolimus,
406 1394 435 1452 in
456 1389 533 1451 locis
556 1407 597 1450 ex
610 1386 685 1452 Geel.
707 1388 816 1450 lustin.
838 1389 936 1451 allatis
956 1411 1056 1473 aquae
1077 1391 1232 1467 tractuum,
1254 1393 1411 1471 separatim
1435 1411 1484 1452 scr

240 1523 335 1598 ptumi,
357 1507 470 1570 admitti
491 1523 548 1565 non
570 1523 682 1583 posse,
698 1536 739 1547 -
761 1504 843 1567 multi
864 1503 924 1566 loci
946 1502 1023 1569 Cori.
1044 1507 1151 1567 lustin.
1168 1507 1223 1570 xl.
1239 1511 1279 1568 22
1300 1507 1484 1586 proprietate

239 1630 325 1694 vocis
348 1621 530 1702 compositae
551 1618 761 1696 gravissimum
783 1622 812 1680 in
833 1622 948 1683 modum
972 1623 1143 1683 «confirmant
1158 1639 1220 1686 -t
1243 1621 1316 1684 nihil
1337 1627 1434 1684 tamen
1456 1623 1465 1681 i

238 1744 338 1827 perlit,
359 1738 515 1822 quominus
535 1735 669 1796 Frontini
692 1734 808 1796 titulum
830 1736 870 1798 cle
890 1757 989 1818 aquae
1010 1736 1165 1811 structiles,
1187 1740 1334 1816 separatis
1355 1737 1483 1799 vocabul

238 1861 397 1939 scapton,
425 1852 586 1929 genuinum
612 1850 787 1911 iudicemus.
831 1851 889 1938 Qui
910 1871 986 1912 vero
1008 1851 1111 1914 titulus
1131 1871 1190 1915 non
1212 1856 1269 1915 tam
1291 1855 1383 1915 arctis
1405 1853 1474 1913 iinih

238 1994 294 2038 noe
314 1970 466 2044 continet,
489 1969 522 2027 ut
543 1984 608 2026 eum
630 1965 667 2026 te
689 1965 930 2047 aquaeductibus
951 1965 994 2050 (i.
1017 1986 1044 2030 c.
1066 1967 1365 2046 Wasserleitnngcn)
1388 1971 1482 2030 tantm

237 2107 314 2175 quos
334 2083 436 2163 vulgq
450 2084 577 2157 vocant,
609 2099 701 2141 sensu
724 2080 865 2143 strictiori
889 2099 997 2161 capere
1029 2100 1189 2161 cogamur3
1221 2101 1350 2162 veram,
1375 2083 1489 2146 brevit

237 2198 452 2283 comprehenso
475 2195 592 2258 dicendi
613 2209 726 2271 genere
747 2228 789 2242 -
824 2201 856 2258 ut
878 2197 906 2259 in
928 2198 1025 2259 titulis
1046 2201 1105 2259 sen
1125 2199 1311 2261 consuetudo
1332 2231 1374 2242 —
1410 2198 1484 2260 latio

237 2317 405 2397 significatu
433 2312 634 2391 cognitionem
657 2313 783 2373 onmium
805 2328 920 2385 rerum,
947 2315 1080 2395 quaeat
1103 2333 1197 2396 aquae
1221 2312 1327 2376 ductus
1348 2316 1484 2394 pertinen

237 2433 458 2514 expositionem
485 2447 581 2490 rerum
609 2426 645 2489 ab
674 2426 740 2505 ipsu
768 2428 911 2489 Frontino
938 2430 1044 2507 Arteil
1068 2431 1319 2509 percensuerunt,
1349 2434 1381 2493 nt
1407 2429 1473 2509 ling

235 2545 393 2613 vernacula
414 2542 549 2620 reddam,
577 2543 657 2619 „clas
678 2546 843 2620 gesammtc
863 2544 1267 2625 Wasserleitungswesen“,
1289 2544 1428 2624 amplecti
1450 2564 1484 2625 p·

236 2668 314 2740 test,
342 2666 431 2744 atque
459 2663 583 2739 propter
611 2659 705 2737 ipsum
734 2658 892 2721 brevitatis
914 2660 1134 2741 modestiaeque
1164 2661 1327 2742 antiquitus
1354 2660 1384 2722 ln
1413 2662 1480 2722 titul

236 2782 414 2843 observatae
442 2793 570 2850 ararem,
608 2773 725 2834 minime
755 2773 851 2852 ipsius
879 2774 1010 2835 l'rontini
1039 2775 1140 2836 verbis
1178 2773 1262 2858 (siri.
1284 2781 1322 2837 2:
1361 2795 1441 2860 quae
1467 2798 1488 2838 a

234 2897 405 2959 universam
424 2908 485 2951 rem
503 2892 686 2970 pertinentia
708 2890 886 2951 contrahere
905 2893 1002 2970 patui.
1045 2888 1112 2951 Art.
1132 2895 1169 2951 3:
1198 2913 1237 2953 ac
1258 2892 1331 2973 quiet
1349 2893 1489 2955 aetati

235 3014 280 3073 rei
305 3009 458 3091 pertineas
484 3006 620 3065 notitiam
644 3007 886 3085 praetermisisse
905 3004 1030 3079 videar]
1060 2988 1236 3068 obluctatur.
1278 3005 1389 3067 Merito
1413 3014 1480 3069 aute

234 3124 343 3206 aliquis
364 3122 500 3204 quaerat,
522 3117 573 3200 qui
594 3116 715 3179 librario
738 3120 767 3180 in
789 3123 914 3181 mentem
936 3122 1040 3182 venire
1061 3124 1211 3201 potuerit,
1234 3126 1266 3182 ut
1288 3122 1385 3182 tritum
1409 3125 1488 3183 onrni

233 3243 348 3321 lausque
369 3235 536 3297 hominibus
559 3234 709 3312 cogrnitum
732 3234 851 3296 licendi
872 3256 989 3314 gertus,
1012 3238 1099 3318 quale
1122 3244 1168 3297 est
1188 3236 1226 3298 cle
1242 3255 1339 3319 aquae
1356 3236 1479 3299 dructitu

235 3353 414 3435 represserit
441 3353 470 3411 in
499 3351 622 3432 eiusque
649 3349 717 3411 loco
745 3353 802 3410 tam
829 3353 994 3432 ‹praesitmn
1022 3353 1093 3414 illml
1123 3353 1160 3414 de
1180 3371 1279 3434 aquae
1301 3351 1392 3414 ctuetu
1413 3373 1486 3433 repo

235 3471 340 3532 suerit.
381 3467 494 3544 Prona,
533 3468 658 3545 opinor,
697 3465 915 3545 intelligentia,
948 3475 1093 3530 momento
1125 3466 1266 3547 terrrporis
1292 3472 1403 3530 tcnrrere
1432 3476 1487 3531 ort«

234 3584 283 3647 vel
314 3585 379 3662 ipse
408 3599 525 3664 quoque
553 3580 657 3643 titulus
678 3577 754 3645 Cocl.
775 3582 884 3643 trustin.
905 3582 961 3644 Xl'.
984 3587 1042 3659 42,
1071 3582 1167 3660 vulgo
1190 3585 1294 3661 notus,
1324 3584 1353 3643 iu
1376 3603 1487 3646 errorer

233 3699 380 3762 abducere
402 3699 521 3776 potuit3
545 3697 602 3756 nisi
624 3697 690 3776 quis
712 3696 747 3756 ad
770 3698 975 3776 compendium
998 3698 1110 3760 tucttt’
1132 3701 1273 3774 reingere
1295 3698 1386 3759 caralit.

275 3814 315 3877 de
335 3831 434 3895 aquae
456 3811 611 3887 ductiles)
634 3812 827 3873 Scrihcmlmn
852 3815 967 3875 ommino
991 3820 1021 3874 et
1042 3816 1283 3893 pronuntiantium
1306 3835 1406 3905 aquae
1427 3815 1487 3877 (luc

232 3941 299 4005 tue,
330 3928 475 4007 separatis
501 3926 676 4004 vocabulis,
705 3947 764 3990 non
786 3929 1007 4013 aquaeductus.
1050 3928 1212 3990 llaniiesta
1234 3936 1281 3993 est
1304 3949 1393 3991 causa
1414 3932 1485 3993 inve

234 4045 322 4106 tereti
351 4043 478 4120 erroris,
509 4044 649 4103 continua
675 4045 704 4104 in
731 4044 819 4106 could.
847 4044 1059 4105 vocabulorum
1088 4045 1246 4122 scriptura.
1289 4044 1355 4106 cic.
1384 4043 1474 4108 Caeci

232 4164 294 4221 26:
332 4161 440 4239 Aquae
467 4158 590 4234 duetus,
619 4159 762 4234 hauctus,
792 4163 849 4220 etc.
893 4159 936 4220 lul.
965 4160 1000 4219 ad
1029 4160 1124 4221 Atlio.
1152 4159 1236 4221 Xlll.
1264 4167 1300 4222 6:
1328 4163 1380 4221 De
1406 4182 1487 4244 aqua

232 4274 322 4339 ductu
346 4270 442 4354 prote
465 4273 581 4352 fecisti.
610 4275 647 4335 de
668 4274 770 4352 negg.
793 4273 832 4335 ll.
856 4278 889 4334 l:
919 4274 1025 4334 eluctus
1045 4293 1117 4334 cera
1139 4294 1296 4356 aquarum.
1326 4276 1363 4336 tc
1386 4276 1479 4341 onl

231 4395 266 4464 4,
288 4393 325 4449 3:
352 4387 445 4448 Atta
472 4387 583 4448 eluctus
610 4409 766 4471 aquarum.
802 4386 928 4452 Sueten.
957 4387 1059 4467 Calig.
1082 4396 1139 4451 21:
1169 4391 1486 4474 aquaeductorum

230 4501 333 4564 Claud.
356 4507 411 4564 20:
438 4521 584 4581 aquarum
606 4504 722 4564 eluctus.
745 4504 812 4563 item
835 4499 911 4563 Plin.
936 4504 973 4570 H.
993 4505 1031 4566 N.
1053 4505 1201 4566 xxxvl.
1226 4511 1273 4568 10.
1303 4507 1451 4587 Spartica.
1474 4509 1483 4569 i
