2978 4988
102 348 177 427 216
519 348 962 428 ANNO'I'A'I'IONES.

186 590 281 650 medie
303 593 450 669 tempore)
472 582 563 647 Ouid.
587 583 642 646 tx.
667 589 724 647 134
746 586 845 666 ibique
865 585 958 647 Raclr.

185 722 229 785 ad
248 738 324 802 qnos
345 737 395 779 res
413 721 599 800 pertineret,
622 716 835 799 dispertirem)
867 717 999 781 Polenus
1021 719 1198 779 sententiam
1225 723 1310 797 putat
1330 739 1380 780 re-

103 835 276 899 stituendam
298 852 367 895 esse
390 832 511 893 similem
533 832 624 897 lruicz
654 835 695 912 ii,
716 834 754 894 ad
775 853 850 915 quos
870 852 920 894 res
941 836 1123 914 pertineret,
1152 834 1311 896 consulere
1334 839 1380 896 in-

102 954 185 1014 terim
206 951 334 1030 possent
354 949 443 1011 rebus
466 951 538 1010 suis.
580 949 649 1011 Non
670 953 883 1029 reputaverunt
904 950 961 1010 viri
984 951 1084 1028 docti,
1108 951 1187 1031 quod
1209 952 1380 1030 restituere,

101 1087 160 1132 non
181 1069 256 1128 satis
277 1067 438 1127 convenire
462 1065 563 1126 verbis
587 1065 630 1126 ed
653 1065 734 1147 paud
753 1086 804 1128 res
821 1070 1008 1148 pertineret,·
1033 1069 1209 1146 praesertim
1231 1071 1329 1129 autem
1351 1070 1379 1129 in

99 1201 151 1263 re,
175 1185 260 1246 cuius
280 1182 470 1262 praecipuam
492 1182 601 1242 civitas
623 1185 798 1260 susceperat
819 1199 939 1262 curam,
960 1182 1126 1262 Principem
1149 1203 1207 1244 non
1230 1185 1260 1245 id
1282 1184 1381 1244 indul-

101 1303 182 1364 sisse
204 1298 347 1362 credibile
370 1299 434 1372 est,
456 1298 489 1359 ut
509 1316 563 1374 pro
587 1315 642 1356 suo
665 1299 789 1379 quisque
815 1299 938 1360 arbitrio
960 1299 1082 1379 praedia
1102 1299 1242 1375 irrigaret
1266 1304 1318 1360 aut
1339 1301 1380 1361 rei

101 1435 174 1479 suae
203 1413 387 1476 consuleret.
431 1411 626 1502 Quamobrem
657 1413 694 1474 de
720 1415 815 1475 verbo
844 1415 1062 1477 distribuerent
1089 1419 1140 1477 aut
1166 1415 1382 1497 dispensarent

101 1534 279 1610 cogitaram
306 1532 441 1617 quoniam
468 1532 564 1590 autom
597 1529 795 1611 dispertirent
819 1531 870 1592 vel
898 1532 972 1610 ipsis
999 1530 1109 1592 litteris
1137 1532 1313 1594 simillimum
1336 1536 1382 1596 est

101 1645 349 1711 antecedentibus
377 1665 428 1706 res
452 1643 661 1726 pertinerent,
692 1651 723 1707 et
753 1646 791 1708 ob
818 1647 1039 1709 similitudinem
1067 1646 1226 1708 verborum
1248 1648 1381 1709 lacunam

102 1766 194 1826 ortam
218 1780 286 1822 esse
308 1760 464 1840 probabile
487 1764 545 1840 est,
568 1759 626 1822 boc
654 1764 806 1842 rescripsi.
848 1760 1066 1842 Interpretare:
1096 1765 1174 1825 intra
1200 1765 1281 1845 quod
1311 1784 1382 1843 spa-

101 1883 171 1942 tium
194 1879 234 1954 ii,
263 1878 301 1937 ad
323 1894 399 1957 quos
429 1893 464 1935 ea
485 1894 551 1952 res,
581 1879 602 1937 i.
625 1896 654 1938 e.
684 1897 721 1938 ea
742 1897 828 1954 cura,
856 1879 886 1939 id
907 1897 1012 1940 munus
1039 1898 1132 1962 aqoae
1160 1879 1381 1959 dispertiendae

100 1996 276 2076 pertineret,
299 2009 362 2050 earn
385 1990 590 2069 dispertirent.

182 2119 350 2205 sociorum]
373 2122 462 2183 Socii
483 2112 533 2204 qui
556 2127 628 2204 sint,
652 2126 771 2188 doceris
793 2146 833 2188 ex
855 2146 951 2210 seqq,
975 2127 1094 2190 scilieet
1115 2129 1153 2205 ii,
1177 2129 1227 2211 qui
1251 2145 1383 2189 commu-

99 2247 178 2308 niter
198 2261 301 2325 aquam
324 2243 569 2320 impetraverunt.
694 2302 701 2308 ,

55 2381 57 2386 ‘
181 2368 390 2452 constitutum]
413 2391 456 2433 sc.
478 2372 562 2451 lege,
584 2377 687 2437 verbis
710 2377 803 2456 legis.

178 2507 397 2592 perinde-uo)
425 2507 503 2584 Leg.
533 2525 572 2571 ac
593 2512 631 2569 si.
661 2505 788 2575 Sueten.
817 2509 885 2573 Oct.
907 2515 959 2575 35.
988 2511 1087 2573 Tacit.
1116 2509 1195 2571 dnn.
1217 2511 1304 2574 xlv.
1327 2515 1381 2574 di:

96 2625 226 2711 preinde
247 2623 547 2687 erc-condemnatus.
582 2623 635 2686 At.
657 2645 696 2687 ue
717 2630 756 2688 si.
793 2626 949 2687 Heindorf.
978 2628 1014 2688 ad
1042 2625 1112 2688 Nat.
1135 2625 1231 2688 Deor.
1259 2646 1289 2706 p.
1312 2632 1381 2694 210.

102 2743 247 2823 „perinde
272 2738 408 2823 qnem,“
436 2739 511 2801 Plio.
533 2741 592 2820 bip.
617 2749 653 2818 6,
681 2742 772 2806 Stin.
796 2739 954 2821 Spalding.
984 2743 1019 2802 ad
1043 2742 1168 2831 Quintil.
1191 2743 1229 2804 V.
1255 2749 1310 2821 13,
1334 2751 1382 2808 21.

98 2858 238 2920 ΗΕΙΝΒ.
276 2857 380 2932 Rene,
410 2856 435 2914 rt
462 2857 621 2917 Frontinus
652 2859 848 2936 scripsisset:
877 2878 918 2918 ee
938 2862 968 2918 si
988 2862 1054 2920 iure
1081 2869 1200 2920 centem
1228 2870 1332 2936 esset,·
1354 2861 1382 2920 in
1439 2885 1441 2890 ·

100 2973 179 3036 hunc
202 2988 339 3035 sensum:
363 2970 431 3048 „die
452 2971 671 3048 Boobachtung
689 2971 805 3050 jeduch
828 2975 948 3035 vertritt
964 2975 1013 3035 die
1035 2973 1269 3037 Rechtsnorm.“
1306 2975 1383 3037 ldibi

102 3094 198 3152 autem
220 3089 315 3150 uerba
336 3086 500 3167 simplicius
522 3087 666 3167 capienda
683 3105 753 3148 esse
774 3088 961 3168 uidebantur,
984 3094 1016 3151 ut
1037 3111 1077 3151 ae
1099 3093 1140 3153 sit
1160 3091 1307 3170 particula
1329 3111 1384 3154 eo-

102 3205 249 3287 pulativa,
272 3206 335 3268 sic:
360 3204 456 3265 simile
478 3208 576 3268 tamen
598 3206 647 3265 est
666 3201 738 3283 lroe,
761 3205 840 3288 quod
863 3206 1052 3285 observatur,
1075 3208 1201 3288 acquod
1224 3210 1288 3269 iure
1312 3227 1385 3270 cau-

99 3328 159 3387 tum
181 3327 239 3385 est.

108 3520 111 3524 Α
185 3455 319 3516 desisset
339 3458 417 3525 eto.)
452 3455 521 3530 Ego
545 3454 589 3514 sic
615 3451 712 3516 locum
742 3455 847 3534 capio:
879 3473 943 3516 curn
970 3457 1096 3540 quisque
1125 3475 1167 3516 ex
1189 3456 1248 3532 iis,
1278 3457 1385 3539 quibus

77 3569 276 3632 ‘beneficium
305 3570 402 3631 datum
432 3574 511 3647 erat,
541 3570 684 3631 desiisset
713 3569 785 3629 illud
813 3569 988 3631 beneficium
1018 3572 1195 3651 possidere3
1224 3573 1244 3633 i.
1269 3591 1298 3634 e.
1322 3591 1384 3634 cum

100 3704 188 3748 ,nemo
211 3684 335 3763 amplius
357 3687 387 3746 in
410 3686 470 3746 dati
490 3684 627 3746 beneficii
649 3685 845 3766 possessione
868 3691 959 3750 esset.
1027 3758 1028 3761 Ἴ
1348 3671 1354 3680 ’

185 3813 365 3896 continebit)
388 3819 521 3898 Tempus
543 3818 669 3880 futurum
691 3817 777 3880 velut
800 3820 896 3879 omnia
918 3821 1051 3898 tempora
1072 3819 1276 3901 amplectitu13
1297 3820 1386 3903 quale

105 3933 183 4014 apud
210 3934 305 4012 ipsum
332 3933 503 3995 Frontinum
533 3935 588 3994 iam
617 3931 783 3999 habuimus.
825 3936 874 3996 dlx
895 3934 954 3995 alio
984 3935 1110 3996 castello
1133 3937 1290 4016 impetrata
1312 3955 1387 4018 aqua

78 4030 82 4052 ’
106 4050 173 4112 duci
196 4066 254 4109 non
277 4047 385 4125 debet,
410 4068 494 4129 quam
518 4067 558 4109 ex
581 4067 634 4124 cu,
662 4067 782 4132 exque
807 4069 869 4112 eam
893 4052 960 4111 duci
984 4054 1124 4130 oportere
1147 4052 1278 4132 epistola
1299 4053 1388 4114 Prin-

106 4167 183 4246 cipis
206 4163 349 4240 eontinet,
371 4163 391 4224 i.
414 4182 441 4224 e.
463 4165 654 4243 praescribit,
678 4166 770 4227 iubet.

189 4295 367 4370 continebit)
403 4295 499 4359 intell.
535 4314 598 4357 earn
631 4297 717 4374 duci,
753 4298 802 4358 vel
839 4297 1000 4358 ducendam
1036 4317 1116 4362 esse.
1164 4300 1391 4384 Breuiluquen-

106 4413 163 4475 tiu:
203 4413 359 4490 ll'yttsnb.
399 4413 435 4472 ad
471 4411 605 4489 lielugg.
639 4413 748 4475 histor.
784 4417 815 4474 et
849 4414 879 4474 in
912 4412 1029 4476 Platon.
1067 4415 1220 4480 Phaedon.
1256 4438 1286 4497 p.
1315 4423 1388 4480 215.

104 4525 241 4590 illilNR.
