2978 4988
551 347 957 455 ueomrrmus
1047 412 1050 417 ,

209 584 322 680 cipum
350 587 606 655 comrrrentariis
633 584 924 680 comprehensum
950 590 1016 674 est,
1043 601 1157 678 usque
1178 579 1223 655 ad
1235 591 1390 655 nostram

211 722 328 771 curam
368 698 499 773 habere
532 701 611 773 visa
646 700 693 770 sit
734 707 967 794 quantumque
1005 697 1227 796 erogaverit3
1265 696 1391 772 deirrde

207 836 308 908 quem
335 815 402 915 ipsi
430 815 640 913 scrupulosa
665 813 907 911 inquisitione,
946 829 1138 910 praeeunte
1170 812 1393 913 providentia

207 930 326 1024 optimi
359 929 685 1027 diligentissimique
723 920 872 1004 Nervae
905 926 1102 1026 Principis,
1142 922 1390 1003 invenerimua

206 1043 325 1118 Fuere
377 1069 464 1144 ergo
512 1051 547 1119 iu
599 1049 859 1120 commentariis
909 1049 944 1116 in
992 1051 1160 1121 universo
1186 1051 1390 1141 'quinariae

205 1147 502 1250 Yr'rTrrocuv,
531 1165 565 1234 m
592 1144 1084 1260 erogacmeffixvrrr,
1111 1161 1251 1259 praru
1265 1159 1391 1235 mor-

207 1282 349 1353 buiione
365 1302 466 1373 quam
482 1282 516 1348 in
526 1290 672 1375 accepto
683 1282 946 1378 computabatur
956 1272 1389 1376 quinariisMOOLXHl.

206 1397 325 1469 Huius
351 1399 404 1466 rei
431 1391 624 1489 admiratio,
654 1418 733 1468 cum
757 1402 986 1496 praecipuum
1012 1392 1119 1466 officii
1145 1414 1235 1491 opus
1261 1398 1297 1465 in
1322 1417 1389 1467 ex-

208 1508 374 1609 ploranda
401 1506 468 1581 fide
496 1532 663 1604 aquarum
690 1523 794 1606 atque
821 1518 923 1609 copia
941 1509 1132 1599 crederem,
1161 1532 1230 1582 nou
1252 1508 1389 1582 medio-

207 1634 312 1702 criter
346 1650 401 1699 me
437 1629 607 1697 convertit
641 1623 685 1697 ad
711 1627 955 1721 scrutandum,
996 1623 1287 1723 quemadmodum
1313 1651 1390 1699 am·

156 1797 166 1818 .
207 1745 300 1841 ptius
319 1752 536 1838 erogaretur,
561 1762 665 1835 quam
690 1747 725 1814 in
750 1749 968 1839 patrimonio⁷
996 1755 1034 1814 ut
1059 1749 1105 1817 ita
1132 1740 1257 1836 dicam,
1282 1751 1390 1817 esset.

209 1840 308 1934 Ante
334 1863 449 1931 omnia
476 1861 592 1951 itaque
619 1863 733 1954 capita
759 1856 926 1934 ductuum
940 1864 1057 1933 metiri
1074 1880 1274 1955 aggressus
1288 1880 1388 1948 sum3

208 1975 273 2048 sed
306 1974 430 2070 iunge⁷
467 1971 501 2044 id
535 1982 589 2043 est
624 1978 763 2048 circiter
797 1981 1032 2072 quinariarum
1067 1974 1188 2047 decem
1223 1972 1386 2066 millibus,

206 2089 411 2188 ampiiorem
438 2113 540 2184 quam
568 2095 601 2160 irr
628 2096 887 2165 commentariis
912 2089 1053 2164 modum
1079 2094 1214 2183 iuveni,
1251 2101 1288 2161 ut
1326 2114 1390 2188 per

209 2206 370 2304 singulas
398 2204 657 2278 demonstrabo.

135 2322 186 2397 65
284 2322 428 2421 Appiae
455 2328 489 2394 in
515 2331 774 2397 commentariis
802 2324 1001 2422 adscriptus
1031 2333 1087 2396 est
1111 2320 1389 2418 modum-quina·

210 2445 340 2513 riarum
372 2434 629 2516 DCOOXLJ.
687 2438 804 2517 Cuius
848 2440 988 2545 quidem
1029 2438 1073 2512 ad
1107 2448 1210 2534 caput
1243 2437 1389 2545 impeniri

143 2625 366 2642 m

255 2745 303 2812 ut]
326 2739 370 2804 G:
391 2746 466 2810 aut„
496 2738 564 2811 Nou
582 2741 701 2823 animm,
726 2757 813 2821 quoru
836 2749 869 2802 ot
889 2740 1072 2802 scriberetur
1091 2716 1123 2817 ἶ,
1145 2746 1199 2800 aet
1218 2747 1319 2803 autem
1341 2764 1389 2807 au.

252 2838 610 2918 rrap10)vr:rra.-
631 2842 814 2917 oppressae)
836 2835 879 2899 U:
898 2832 1051 2918 ‘e'p'reeouo
1100 2872 1136 2929 ,ἦ
1232 2916 1235 2921 1

255 2942 357 3019 poam]
380 2936 426 3000 V:
449 2940 595 3018 puuct—
615 2937 749 3010 modum)
770 2937 809 2999 Ft
830 2956 988 3002 numerum.
1010 2937 1056 3010 Vx
1077 2924 1172 3001 aitte.

19 3070 23 3088 .
146 3054 178 3107 65
253 3035 449 3149 mim·
492 3036 584 3098 Ouios
607 3037 738 3118 pridem)
780 3035 845 3097 Pol.
869 3037 967 3103 dedit:
994 3037 1191 3102 Decem
1212 3039 1266 3101 Ad
1286 3052 1391 3124 eaput.

171 3165 173 3168 ·
212 3136 275 3200 Sed
294 3108 505 3198 iibri¹errmesz
532 3135 643 3199 DCCC
661 3137 894 3219 uniuscuiusque
913 3137 957 3198 ad
977 3155 1072 3219 caym
1093 3138 1124 3198 et
1143 3137 1175 3200 iu
1189 3135 1216 3199 U
1231 3139 1391 3220 interpun-

211 3236 311 3314 giiur:
332 3234 451 3299 DCCC.
475 3235 714 3318 Unioecoiospue
735 3234 779 3296 ad
800 3255 881 3319 cup„
903 3239 934 3298 ut
955 3234 1020 3313 legi
1040 3235 1123 3296 iubet
1138 3233 1273 3317 Corrad,
1294 3241 1391 3302 inter-

212 3340 352 3417 pretans:
374 3332 529 3414 iucipiens
550 3353 567 3395 a
589 3337 687 3414 capite
707 3334 828 3415 Appiae
850 3337 1002 3419 usquead
1024 3335 1148 3425 oeicppr,
1159 3337 1392 3422 uniuscuiusque

172 3496 175 3501 ,
212 3434 396 3517 (quinariae)
417 3451 554 3496 nicaeum
575 3435 698 3495 inveniri
721 3451 781 3498 uon
802 3435 914 3514 potuit,
936 3435 1071 3516 quoniam
1094 3433 1227 3515 (Appia)
1249 3453 1290 3498 ex
1312 3441 1392 3506 duo..

210 3535 267 3596 iius
288 3536 364 3596 rivis
385 3536 515 3599 consue.
535 3520 688 3595 “ioecutis
710 3553 774 3594 sum
797 3532 869 3597 Scir.
910 3532 1045 3612 Respice
1066 3535 1221 3598 universe:
1242 3536 1280 3595 ad
1303 3543 1394 3618 ceput

208 3633 327 3717 quidem
347 3650 484 3694 mensure
503 3632 631 3694 inveniri
653 3651 711 3717 nou
732 3634 847 3712 potuit3
869 3632 907 3694 ed
928 3631 1079 3695 Gemellae
1097 3639 1198 3697 mmm
1220 3633 1321 3696 inveni
1342 3637 1392 3698 ui·

207 3732 361 3796 titudinem
385 3733 444 3792 eto.
674 3724 690 3745 ''
1162 3744 1172 3765 ’

249 3833 378 3894 inveniri
398 3832 507 3901 meno.)
529 3828 601 3892 Scir.
623 3831 749 3908 corrigit
766 3834 847 3893 iniri.
890 3827 983 3892 Certe
1001 3830 1069 3893 Art.
1093 3834 1147 3895 692
1180 3850 1320 3893 menecea
1341 3837 1391 3897 in.

206 3933 305 3992 veniri
323 3933 514 4010 conparuit.
537 3928 699 4011 eademque
720 3930 836 3991 ratione
857 3927 926 3990 Art.
945 3930 995 3988 19.
1016 3932 1067 3991 66.
1088 3932 1145 3992 oe:
1167 3933 1243 3991 inire
1262 3932 1390 3998 modom.

206 4026 275 4090 Art.
300 4030 375 4090 iot:
397 4029 476 4088 inire
494 4046 654 4089 numerum.
675 4028 819 4090 Attamen
837 4027 924 4085 ctiam
944 4045 1086 4087 mensura
1111 4029 1241 4090 meretri
1259 4029 1390 4107 legimus

202 4127 270 4190 Art.
295 4129 343 4188 10.
357 4130 415 4194 il.
439 4129 490 4202 13,
512 4126 578 4186 sine
600 4125 661 4187 uiia
681 4125 827 4205 lectionis,
843 4123 1002 4185 varietate.

242 4227 293 4307 put
314 4222 598 4297 lome-Veterem)
620 4223 713 4285 Urrcis
732 4222 807 4283 haee
825 4218 949 4281 inclusit
963 4220 1050 4302 Sem,
1065 4227 1099 4287 ut
1119 4243 1159 4287 ex
1171 4227 1240 4290 Art.
1257 4233 1276 4290 5
1294 4247 1387 4308 repe-

201 4325 265 4385 tite.
307 4322 456 4386 Nardirrue
478 4321 565 4384 Rom.
588 4321 658 4385 Vct
681 4321 752 4384 vil.
773 4322 793 4379 1
815 4316 959 4391 corrigit:
983 4324 1066 4385 iutra
1085 4327 1229 4390 Anienem
1241 4328 1384 4393 Veterem.

202 4441 234 4480 v.
257 4418 325 4482 Pol.
358 4419 470 4485 1an
491 4438 548 4480 om.
569 4432 625 4483 eet.
699 4412 705 4419 ⁵

235 4519 405 4611 Gmnelipe)
428 4517 505 4596 CF,
527 4519 597 4582 item
609 4522 684 4583 inira
708 4513 796 4580 GU:
818 4511 981 4578 Gemellos.
