2978 4988
479 341 918 421 ,nNNu'uA'ssuan
1264 334 1342 412 205

56 584 106 648 ue
125 587 229 664 pateis
249 579 391 644 Sehneid.
414 581 451 641 ad
467 579 587 642 Vitrur.
608 596 640 657 p.
659 582 729 641 14³.
750 577 827 640 Hirt.
849 578 884 638 B.
898 575 992 638 Alex.
1015 581 1234 658 itqspecoeec
1244 577 1339 654 porei.

57 698 198 763 uulua.
221 696 296 761 Sub.
318 695 374 758 111.
397 700 437 757 24
460 699 492 758 et
512 693 567 755 lil.
592 700 621 758 5.

674 897 726 956 90.

140 1053 263 1120 sereno)
292 1042 478 1107 Contrarium
508 1047 556 1106 est
581 1043 703 1119 nubilo,
729 1043 807 1106 Plin.
836 1043 876 1104 H.
904 1042 941 1106 N.
964 1041 1032 1105 vir.
1059 1061 1089 1121 p.
1119 1046 1170 1102 63.
1203 1040 1341 1102 ilEINR.

59 1162 159 1227 lnteli.
187 1160 286 1224 coelo.
314 1182 345 1225 v.
373 1158 536 1222 Foroellin.
572 1160 623 1221 Ad
644 1178 705 1221 rem
734 1160 774 1222 ci.
806 1159 866 1223 Art
889 1165 945 1221 15:
974 1161 1063 1220 etiam
1083 1160 1150 1219 siae
1169 1157 1344 1240 pluviarum

60 1284 183 1343 iniuria.

142 1398 241 1468 Arrio)
263 1392 347 1455 Anio
368 1393 477 1454 Novus
499 1393 685 1472 potissimum
708 1395 757 1453 esi
778 1390 1015 1469 intelligendus:
1039 1390 1076 1451 de
1098 1408 1156 1470 quo
1180 1388 1282 1449 eadem
1294 1386 1343 1448 hie

58 1514 228 1576 reseruntur
255 1513 344 1591 atque
370 1512 440 1572 Art.
465 1513 513 1573 15.
555 1510 596 1570 Et
621 1527 718 1588 paene
739 1508 889 1587 adducor,
917 1509 950 1568 ut
971 1506 1107 1586 credam,
1130 1503 1344 1566 restituendum

61 1647 130 1689 esse
150 1629 232 1689 Anio
254 1626 377 1690 Novas.

142 1744 233 1822 laan
257 1743 278 1802 i.
299 1761 329 1823 q.
351 1742 467 1821 piscina
487 1741 612 1821 limaria,
635 1742 672 1803 do
694 1761 752 1824 qua
772 1739 842 1803 Art.
866 1745 915 1803 15.

679 1946 729 2003 91.

144 2096 231 2152 inira
252 2087 303 2170 se]
326 2109 382 2152 nee
404 2110 468 2152 oum
491 2089 560 2152 aliis
583 2090 786 2151 communicat.

145 2209 305 2291 inprimis
327 2201 395 2286 ab.)
417 2207 438 2268 i.
461 2225 490 2266 e.
513 2206 711 2266 numerandus
734 2207 812 2266 inter
832 2206 960 2265 maxime
982 2204 1180 2266 abundantes.
1211 2202 1346 2266 Omnium

63 2327 160 2387 tannen
182 2339 321 2403 aquarum
343 2319 594 2381 abundantissima
616 2324 680 2381 erat
700 2317 835 2398 Claudia,
859 2324 891 2382 ut
911 2319 981 2382 Art.
999 2323 1043 2380 72
1063 2318 1233 2380 affirmatur.
1256 2318 1346 2382 1³01..

144 2440 273 2498 maxime
293 2431 474 2516 Claudiam)
498 2431 545 2496 Cf.
567 2435 637 2498 Art.
659 2438 709 2495 12.

145 2546 363 2634 iaboetemp.)
386 2553 407 2612 i.
420 2549 574 2633 usquead.
587 2550 722 2613 Arabo:
745 2572 841 2635 oeque
856 2557 887 2614 io
903 2553 937 2614 id
952 2562 1040 2634 temp.
1065 2550 1115 2616 Gr.
1130 2549 1187 2623 εἰς.
1208 2551 1347 2616 uulua.

142 2667 378 2751 proprietatem]
401 2666 469 2730 Art.
492 2670 548 2728 92:
572 2666 757 2749 qualitatem.
800 2668 870 2729 Art.
892 2670 950 2729 93:
970 2672 1159 2750 proprietas.
1187 2668 1327 2734 HCINR.

146 2782 301 2866 adeoque)
326 2786 348 2844 i.
371 2802 400 2847 e.
422 2787 453 2845 et
476 2783 594 2845 omnino
617 2784 704 2847 adeo.
746 2782 896 2847 Coerenn.
918 2784 955 2844 ad
976 2781 1043 2846 Cio.
1066 2786 1102 2845 de
1119 2785 1221 2864 Legg.
1244 2805 1275 2865 p.
1289 2791 1347 2850 125

64 2919 91 2966 o.
115 2906 130 2964 1
155 2898 294 2979 Compar.
317 2899 457 2981 denique,
479 2900 589 2961 santum
613 2917 653 2960 ex
676 2900 858 2983 demumque.
878 2898 1016 2961 HEINR.

148 3009 388 3095 obvenientibus]
410 3013 483 3078 Sub.
507 3032 562 3092 „so
584 3018 689 3093 wenig
709 3017 812 3076 wiirde
834 3016 892 3077 deu
905 3014 1105 3078 Naabtbeilen
1128 3017 1348 3096 abgeboiien.“

65 3132 141 3198 Sive
164 3133 192 3193 is
214 3132 404 3195 obvenientia
425 3131 571 3192 substant.
595 3133 690 3192 instar
716 3130 867 3211 acceperit
892 3149 946 3211 pro
980 3132 1257 3212 „incommodum“,
1280 3139 1347 3198 sire

65 3247 256 3310 obvertemus
278 3267 377 3329 aquae
398 3245 602 3323 intellexerit,
631 3265 750 3326 „aquas
771 3244 962 3325 nooeutos“;
991 3249 1114 3330 utraque
1135 3252 1212 3310 ratio
1242 3254 1347 3313 neseio

66 3383 103 3426 an
129 3364 269 3427 latinitati
296 3364 482 3425 adversetur.
525 3361 631 3423 Heinr.
662 3361 756 3438 legit:
783 3364 1043 3440 convenientibas,
1072 3364 1153 3426 uuila
1178 3366 1278 3428 addita
1298 3386 1349 3429 ra-

67 3482 160 3543 tione.
202 3479 311 3542 Fateor
331 3477 392 3539 boa
412 3477 588 3539 vocabulum
611 3478 661 3538 diu
689 3496 735 3539 me
761 3480 860 3540 varias
883 3482 913 3541 in
934 3484 1036 3558 partes
1056 3483 1256 3563 versavisse.
1285 3483 1349 3548 Ca.

66 3595 184 3676 piebam
205 3614 260 3675 pro
284 3613 369 3674 „per
391 3593 612 3655 obvenientia“
636 3595 658 3654 i.
682 3611 710 3653 o.
733 3612 788 3672 per
808 3613 858 3655 res
881 3595 1097 3674 obvenientes,
1122 3597 1213 3660 durch
1237 3605 1349 3678 autge-

66 3711 285 3789 genwirlrende
301 3709 413 3771 illitteb
457 3708 520 3771 Sed
542 3709 601 3770 hoo
622 3728 739 3792 quoque
761 3728 820 3771 non
844 3715 891 3772 est
911 3710 1043 3773 latinum.
1088 3711 1271 3794 Suspicabar
1287 3715 1349 3778 ad-

66 3825 254 3892 uenientibus
278 3821 426 3907 (datia),
457 3825 525 3887 soil.
547 3827 631 3906 aquis
662 3843 702 3886 ex
722 3824 841 3887 Anione
867 3828 898 3887 in
921 3822 1072 3888 Claudiam
1094 3833 1349 3908 pervenientibus.

67 3943 267 4006 Emendabum
290 3937 397 4003 deinde
420 3941 665 4020 obventionibus,
687 3942 766 4022 „den
787 3941 1103 4022 uenenemkumtem,
1126 3944 1182 4005 soil
1206 3944 1349 4010 Claudiae

68 4060 230 4121 aliarumve
252 4077 293 4120 ex
304 4058 438 4138 Anione,
462 4062 493 4119 et
515 4075 581 4119 ere
602 4058 774 4137 pecuniaria
795 4057 854 4119 boo
874 4057 1050 4120 vocabulum
1063 4061 1100 4124 ad
1120 4079 1181 4122 rem
1203 4065 1350 4144 aquariam

68 4195 87 4237 a
114 4175 255 4238 Frontino
283 4175 453 4238 translatam
481 4175 576 4235 luisse
605 4162 769 4235 statuebam
798 4171 846 4255 (id
875 4175 956 4256 quod
989 4175 1061 4238 alibi
1096 4195 1214 4259 quoque
1241 4179 1350 4239 iactum

69 4288 273 4375 audivimus];
301 4292 338 4353 de
360 4309 419 4373 qua
438 4293 561 4353 notione
582 4290 645 4352 uid.
668 4289 807 4369 Spiegei.
848 4292 937 4353 Lesa.
959 4292 1025 4353 Jur.
1049 4297 1079 4355 et
1107 4294 1246 4355 Brisson.
1267 4293 1297 4354 in
1318 4313 1350 4355 v.

68 4408 121 4471 Ad
149 4407 281 4472 ultimum
307 4405 381 4468 nihil
408 4407 575 4468 mutandum
601 4424 671 4468 osse
698 4406 847 4486 putabam.
894 4407 1053 4469 Posterior
1081 4409 1157 4468 onim
1184 4409 1351 4472 emendatio

71 4543 117 4587 nro
138 4525 178 4588 ad
198 4524 357 4586 veritatem
377 4526 545 4601 reatamque
571 4524 723 4601 genuinae
744 4520 885 4584 librorum
907 4521 1054 4586 lectiones
1077 4524 1351 4606 interpretationem
