2978 4988
448 341 521 418 DE
546 342 736 435 AOUAE
762 341 1039 422 DUCTIBUS.
1312 335 1386 411 107

106 575 268 667 Bethlem,
317 599 405 670 quae
443 576 584 672 publice
620 576 795 671 lavarent,
840 577 1062 674 privilegium
1101 576 1288 670 antIquitus

108 691 384 786 concedebatur,
413 704 451 764 ut
476 692 587 765 semel
613 691 691 765 data
717 716 807 789 uque
825 704 993 792 perpetuo
1015 702 1187 764 maneret.
1223 685 1289 764 Sic

109 833 152 880 ex
185 808 367 882 veteribus
395 805 752 883 senatusconsultis
786 810 1052 905 cognoscimur&
1090 805 1288 900 exquibus

107 948 212 997 unum
247 923 393 996 subieci.
443 923 550 997 Nunc
585 926 696 998 omnis
729 949 841 1020 aquae
873 948 952 996 cum
984 945 1201 1020 possessore
1233 925 1288 992 in-

107 1050 283 1112 staurator
308 1038 527 1112 beneficium.

184 1153 312 1245 Quod
350 1153 401 1245 Ο.
440 1156 610 1229 Aelius
656 1155 853 1251 Tubero,
900 1154 1073 1230 Paulus
1113 1152 1287 1227 Fabius
1313 1146 1388 1223 108

107 1271 330 1345 Maximus
359 1270 493 1347 Coss
526 1271 575 1344 V.
601 1272 664 1366 lt,
694 1273 916 1346 constitui
944 1283 1178 1367 oportere,
1206 1290 1289 1363 quo
1358 1302 1360 1308 ·

108 1389 202 1460 iure
248 1398 380 1460 extra
418 1389 628 1484 intraque
667 1388 832 1464 Urbem
870 1387 1089 1461 ducerent
1127 1405 1286 1480 aquas,

101 1591 346 1606 m

149 1715 186 1805 Q.
208 1716 333 1791 Aetius)
361 1719 430 1781 VF
452 1740 509 1784 om.
533 1720 570 1808 Q.
612 1719 646 1780 ln
668 1719 693 1783 C
717 1724 778 1783 estt
803 1719 894 1809 Quod
915 1740 972 1802 que
991 1720 1092 1781 Atius.
1324 1729 1373 1783 108

149 1821 305 1896 oportere]
331 1816 401 1879 UV
418 1818 455 1887 F:
480 1830 608 1902 oportet.
651 1818 728 1882 JB:
751 1830 916 1900 oporteret.

149 1925 237 1975 extro
259 1920 416 2000 intraque)
439 1917 484 1980 lta
506 1919 534 1981 V
556 1925 588 1981 ct
609 1920 677 1981 edd.
701 1925 732 1981 et
753 1939 792 1980 ex
812 1917 861 1980 his
881 1919 1066 1981 Brissonius.
1108 1915 1176 1978 Pol.
1200 1934 1240 1977 ex
1261 1912 1289 1974 U

108 2013 191 2075 dedit
211 2019 293 2076 iutra
309 2024 463 2099 extraque.
490 2017 535 2080 At
557 2018 582 2081 O
599 2019 724 2097 praebet
745 2021 827 2080 iutra
844 2021 894 2101 qui
909 2065 918 2082 .
936 2063 944 2078 .
965 2061 972 2077 .
991 2061 1000 2078 .
1023 2022 1098 2088 (non
1120 2021 1221 2078 intra.
1236 2058 1244 2074 .
1257 2057 1288 2075 ..

107 2117 173 2194 oui,
196 2113 262 2178 Pol.
284 2115 467 2192 referente),
490 2117 510 2180 i.
528 2137 556 2181 e.
578 2122 730 2198 intraque,
752 2121 820 2179 ente
843 2119 920 2199 quod
944 2127 1033 2180 eutru
1054 2117 1209 2177 excidisse
1231 2132 1290 2194 ap-

105 2216 198 2289 paret.

146 2331 261 2393 aquus,
290 2313 413 2394 quibus)
451 2313 528 2378 Edd.
555 2332 618 2375 rec.
647 2319 679 2374 et
705 2334 746 2376 ex
772 2315 821 2376 bis
849 2315 944 2379 Briss.
971 2319 1002 2376 et
1028 2312 1100 2374 Pol:
1133 2331 1232 2394 aquas
1252 2316 1287 2388 u,

106 2409 222 2491 quibes.

148 2509 185 2598 Q.
202 2510 247 2573 D.
263 2510 305 2573 E.
327 2515 404 2584 ete.)
433 2512 511 2574 Tres
533 2511 621 2576 codd.
644 2516 674 2574 et
695 2512 732 2578 F:
758 2513 795 2603 Q.
809 2513 855 2575 1).
872 2514 913 2575 Ε.
930 2511 971 2574 n.
993 2511 1026 2572 J.
1055 2513 1135 2591 (sic,
1156 2529 1216 2573 non
1237 2509 1286 2585 ἢ·

107 2613 137 2669 ot
158 2611 186 2669 in
210 2609 257 2672 ed.
278 2611 360 2673 Flor.
384 2615 432 2673 est
452 2609 679 2685 11.)'P.D.·l.
721 2611 873 2674 Bbabet:
899 2613 936 2701 Q
953 2612 997 2672 l).
1014 2610 1053 2672 Ε.
1071 2611 1112 2672 R.
1130 2608 1167 2672 F.
1187 2609 1224 2672 P.
1240 2610 1286 2673 D.

106 2707 145 2769 Ε.
162 2708 194 2771 J.
236 2708 375 2792 Denique
396 2712 415 2772 J
436 2712 479 2772 ita
499 2710 595 2790 legit,
618 2716 650 2774 ut
672 2713 820 2778 edidimus
840 2719 911 2792 post
931 2712 1027 2773 Briss.
1049 2709 1115 2771 Pol.
1137 2709 1233 2782 alios,
1256 2715 1288 2772 et

105 2809 187 2870 utin
211 2810 321 2871 ueteris
343 2809 376 2874 S.
389 2809 456 2874 cos
478 2808 643 2872 habuimus.

145 2912 190 2968 uti
211 2908 251 2968 iis
271 2928 367 2992 usque
387 2915 464 2984 etc.)
488 2909 530 2973 Gt
553 2921 585 2972 ut
606 2915 654 2972 ius
673 2931 783 2993 euque,
806 2913 828 2972 i.
847 2928 874 2972 e.
896 2914 941 2972 uti
956 2914 996 2971 iis
1013 2929 1122 2994 eoque,
1147 2913 1177 2971 ot
1199 2908 1288 2969 ride-

104 3025 167 3068 mus
189 3007 219 3066 in
238 3005 264 3068 U
281 3008 310 3069 V
326 3008 349 3070 F
364 3009 394 3070 J.
437 3008 500 3071 Sed
522 3012 553 3071 in
576 3011 830 3072 emendationibus
854 3017 1013 3072 erratorum
1036 3009 1188 3070 Joeundus
1209 3008 1288 3084 legit

104 3110 149 3167 uti
169 3110 209 3169 iis
231 3127 360 3189 quoque,
388 3110 468 3190 quod
494 3110 524 3169 in
547 3109 621 3170 alius
644 3112 753 3170 deinde
776 3111 845 3171 edd.
870 3117 916 3182 (v.
934 3130 966 3187 g.
983 3111 1025 3181 B)
1056 3110 1188 3186 transiit,
1218 3113 1287 3170 ctu

103 3204 239 3267 Brisson.
260 3212 406 3269 retentum
430 3212 487 3270 cst.
531 3208 618 3295 Quod
641 3229 727 3290 quum
749 3209 835 3269 nihili
858 3211 916 3285 sit,
946 3208 1013 3268 Pol.
1036 3208 1207 3268 emendavit
1228 3227 1284 3267 us-

105 3325 179 3387 que,
214 3306 234 3366 i.
257 3324 285 3367 s.
318 3326 413 3388 usque
445 3324 505 3369 eo:
540 3326 615 3388 quoe
647 3305 759 3369 locutio
791 3309 894 3389 utiquc
928 3311 976 3368 est
1005 3305 1106 3370 latinu.
1155 3302 1285 3366 conam

104 3422 247 3488 eousque.
289 3404 368 3475 sun
399 3409 445 3468 uti
476 3410 516 3468 iis
547 3424 641 3488 eoqrre
667 3416 800 3468 muneret
826 3416 858 3470 et
882 3406 1038 3468 attributio
1067 3424 1228 3486 uquarum,
1246 3438 1286 3448 —

104 3505 205 3584 quoad
226 3509 284 3568 ete.
327 3504 425 3588 (Duss
446 3506 500 3567 dus
516 3505 631 3582 Recht,
657 3507 713 3566 und
736 3505 829 3568 daher
850 3505 925 3566 uueb
949 3507 997 3566 dic
1013 3504 1206 3582 Anweisung
1227 3522 1287 3564 von

102 3604 248 3665 Wasscrn
262 3637 306 3646 -
326 3623 362 3665 su
384 3604 475 3684 lange
495 3604 672 3666 verbleiben
694 3614 804 3683 muge,
827 3607 886 3665 w1e
908 3604 1064 3666 dieselbcn
1087 3609 1163 3678 ete.)

143 3708 474 3784 exceptis—nomine)
499 3705 567 3766 Non
590 3703 700 3767 babent
721 3725 804 3765 suum
826 3704 942 3782 ionum,
966 3709 998 3765 et
1020 3707 1089 3764 sunt
1110 3702 1287 3766 collocanda

103 3802 132 3862 in
154 3800 222 3863 tine.
265 3799 314 3864 Gi.
336 3802 469 3866 Arrun
490 3809 629 3882 exceptis
649 3804 698 3868 luis
720 3815 861 3887 quattuor
882 3808 942 3865 etc.
984 3803 1093 3866 lterum
1116 3803 1288 3882 transposi-

102 3901 144 3960 tio
168 3901 199 3962 in
221 3900 256 3963 S.
273 3899 309 3964 0.
331 3905 408 3964 inira
429 3902 498 3968 Art.
516 3908 591 3965 121:
616 3924 674 3986 per
696 3923 986 3986 uuae—corrump.
1028 3902 1087 3966 Nb.
1109 3902 1286 3965 Victorinus

103 4000 140 4060 de
170 3998 316 4080 Orthogr.
342 4022 390 4083 ap.
416 4003 557 4067 Perizon.
588 4003 688 4066 Anim.
714 4003 796 4064 llist.
825 4023 855 4082 p.
878 4008 949 4066 430.
996 4001 1134 4066 omno.
1176 3999 1210 4064 ι0
1239 4001 1283 4064 Ut

99 4105 237 4181 exceptis
258 4121 344 4185 quum
364 4106 395 4165 in
416 4123 463 4165 us.

141 4198 332 4276 balnearum)
353 4201 423 4267 Art.
440 4207 496 4271 9⁴2
518 4202 703 4266 balnearum.
731 4203 799 4265 nrt
812 4205 888 4270 rot:
912 4202 1040 4266 buleus.
1067 4202 1136 4264 Pol.
1154 4221 1195 4263 ex
1212 4200 1284 4262 edd²

99 4297 296 4364 butineorum.
1267 4327 1272 4348 ·

141 4402 222 4480 Auo.
247 4406 380 4476 numine)
398 4401 446 4463 'Ut
484 4412 592 4464 austun
623 4405 777 4483 (comopt.
799 4419 841 4464 cx
861 4407 1031 4484 coutetur)
1062 4405 1190 4464 nomine.
1244 4397 1285 4462 0²

99 4497 226 4564 teuscus
246 4505 383 4577 comtum
404 4502 574 4566 introductu
595 4502 696 4566 littero
717 4503 737 4566 tr
759 4521 800 4565 cx
822 4520 922 4582 more,
946 4502 983 4565 dc
1006 4519 1064 4586 quo
1087 4501 1125 4563 ad
1144 4497 1214 4562 Art.
1230 4501 1281 4562 33.
