2978 4988
561 367 962 448 FRON'PINUS

219 600 460 695 hortorum,
500 600 798 698 praediorum,
837 601 1031 675 locorum
1070 599 1257 674 dominis
1291 625 1395 698 pos·

221 717 541 791 sessoribusve
580 718 690 812 aqu'a
728 715 827 791 data
865 718 935 791 vel
974 716 1181 789 attributa
1221 731 1289 789 est
1326 718 1396 790 vel

222 833 329 927 erit,
376 832 530 927 saliat,
577 832 903 926 distribuatur,
949 830 1193 924 dividatur,
1240 838 1283 904 iu
1319 858 1396 905 ca·

220 948 375 1041 stella,
421 947 545 1021 lacus
588 949 875 1036 immittatur:
928 953 967 1021 is
1005 947 1162 1046 populo
1201 947 1396 1020 Romano

221 1077 393 1136 centum
429 1064 565 1136 millia
596 1063 698 1137 dare
732 1062 907 1138 damnas
940 1075 1049 1137 esto.
1099 1062 1156 1136 ut
1187 1065 1257 1159 qui
1292 1064 1397 1137 ciam

185 1177 191 1188 “
221 1178 325 1274 quid
352 1203 498 1253 eorum
525 1185 587 1253 ita
611 1179 798 1271 fecerit,
835 1179 878 1253 id
904 1204 1024 1254 omne
1050 1181 1247 1268 sarcire,
1281 1179 1396 1252 refi-

222 1318 344 1386 cere,
378 1296 650 1390 restituere,
684 1295 964 1392 aedificare,
992 1320 1154 1392 ponere
1180 1306 1223 1367 et
1248 1293 1398 1368 celere

221 1409 659 1485 demolire.damna's
692 1420 814 1508 esto,
850 1413 949 1485 sine
983 1409 1087 1485 dolo
1122 1411 1232 1484 malo
1265 1420 1398 1506 atque

221 1528 365 1600 omuia
403 1528 487 1621 ita,
536 1523 603 1621 ut,
652 1527 919 1624 quicumque
959 1524 1153 1604 Curatur
1190 1550 1398 1621 aquarum

222 1654 317 1733 est,
358 1648 466 1736 erit,
502 1653 579 1715 aut
611 1643 648 1714 si
674 1643 869 1717 Curatur
899 1667 1109 1739 aquarum
1140 1666 1262 1717 nemo
1290 1641 1396 1732 erit,

222 1770 307 1827 tum
343 1759 382 1828 is
408 1757 621 1852 Praetor,
658 1763 731 1854 qui
757 1765 875 1832 inter
901 1759 1029 1831 cives
1055 1769 1096 1831 et
1120 1763 1397 1857 peregrinos

222 1877 292 1943 ius
319 1871 450 1974 dicit⁷
478 1873 632 1970 multa,
660 1875 930 1972 pignoribus
957 1878 1133 1971 cogito,
1162 1882 1395 1969 coerceto7

223 1989 355 2081 eique
383 1985 627 2084 Curatum,
661 2001 735 2062 aut
767 1994 808 2063 si
835 1986 1032 2065 Curatur
1057 2013 1139 2063 non
1166 1994 1278 2085 erit,
1313 1998 1398 2061 tum

223 2103 262 2174 ei
301 2103 514 2176 Praetori
563 2129 613 2177 eo
651 2108 827 2179 nominc
865 2104 1082 2202 cogendi,
1129 2103 1397 2192 coercendi,

223 2219 387 2292 multae
427 2218 647 2293 diceuilae
686 2226 789 2294 sive
825 2221 1038 2319 pignoris
1078 2219 1288 2319 capiendi
1326 2220 1397 2292 ius

222 2346 529 2433 potestasque
563 2349 673 2412 esto.
726 2335 778 2415 Si
812 2337 917 2433 quid
948 2361 1098 2412 eorum
1130 2359 1294 2411 seruus
1327 2335 1398 2408 se·

128 2519 387 2535 ..Μ

264 2634 394 2714 uolent)
428 2635 510 2700 Libri
532 2639 638 2704 uolet:
666 2639 746 2722 quod
767 2651 825 2721 quo
848 2641 987 2720 spectare
1009 2639 1126 2717 possit,
1153 2650 1213 2699 non
1234 2650 1398 2718 essequam

221 2731 283 2792 ,nisi
313 2733 418 2811 legere
445 2736 544 2799 veiis:
571 2743 616 2800 uu·
643 2743 710 2820 quis
725 2771 766 2782 -
780 2738 876 2802 volet.
918 2738 1049 2800 Secutus
1076 2756 1139 2798 sum
1167 2736 1399 2799 emendationem

224 2829 296 2890 Scir.

264 2935 405 3010 prquoric
432 2938 524 3016 cupio
552 2938 634 3010 etc.)
672 2935 716 3000 C:
747 2939 889 3019 piquora'c
920 2940 1010 3018 capio
1044 2934 1134 3016 (Pol.
1163 2936 1257 2998 refert
1286 2938 1399 3016 capto)

225 3029 316 3089 multu
343 3031 464 3113 edicipo
496 3079 505 3096 .
538 3081 546 3097 .
574 3055 591 3096 o
620 3034 651 3097 R
680 3040 850 3118 cibiqueato.
898 3034 944 3097 U:
976 3035 1156 3118 piquorr'buo
1188 3042 1279 3116 copto
1308 3034 1401 3095 multa

226 3127 307 3188 edici
324 3148 368 3211 po
389 3175 398 3194 .
420 3178 429 3195 .
452 3174 461 3193 .
485 3152 512 3196 ο.
534 3133 574 3198 R.
596 3139 707 3217 cicique
727 3143 804 3197 ecto.
846 3134 893 3198 V:
916 3138 1057 3218 piqnoric
1082 3137 1174 3216 capio
1200 3135 1293 3197 multa
1320 3133 1403 3196 edici

226 3271 342 3290 .....
367 3250 403 3291 ον
424 3237 526 3316 utique
547 3243 621 3297 coto.
665 3234 691 3297 0
708 3236 829 3298 FJB:
855 3238 996 3317 piqnoru‘e
1019 3237 1121 3315 captio
1143 3235 1237 3295 multu
1257 3234 1400 3305 (mulcta)

227 3326 308 3390 edici
334 3373 469 3394 .....
501 3353 536 3393 or
564 3338 610 3395 uti
636 3353 713 3416 quae
739 3345 814 3399 esto.
856 3336 968 3417 Cupio,
996 3335 1090 3394 forma
1111 3335 1241 3415 antiqua.
1283 3333 1401 3394 Dudum

227 3425 368 3505 Scaliger
389 3434 538 3495 restituit:
559 3434 672 3496 multae
694 3434 787 3496 dictio
808 3439 909 3517 utiquc
928 3440 1004 3496 esto.
1031 3431 1141 3493 Melius
1162 3433 1303 3493 Brissou:
1324 3433 1402 3494 mul-

227 3533 278 3584 tae
306 3527 400 3590 dictio
430 3534 636 3614 coercitioquc
662 3537 765 3617 utiquc
790 3542 867 3598 cato.
908 3533 1004 3594 Etiam
1026 3532 1132 3593 melius
1155 3530 1279 3611 Opsopt
1311 3551 1349 3592 m.
1372 3531 1402 3593 d.

228 3631 433 3710 coercitioque
452 3640 529 3692 esto.
552 3650 638 3712 quem
660 3637 782 3696 secutus
798 3635 846 3694 cat
861 3630 1002 3696 Poleuus.
1044 3631 1117 3695 Scit.
1135 3630 1260 3710 amplius
1276 3631 1403 3693 insumit

227 3729 358 3786 coactio.

268 3824 376 3906 idque)
403 3827 450 3890 V:
473 3829 613 3914 ideoque.

269 3923 381 4004 liceat)
404 3926 482 3988 Tros
504 3932 598 3992 codd:
622 3931 703 3994 licet.
743 3929 785 3993 C:
807 3931 889 3993 licet.
916 3929 978 3992 Juo
996 3939 1195 4013 potestasque
1216 3932 1276 3990 icto
1292 3973 1301 3992 .
1317 3971 1327 3989 .
1345 3971 1380 3991 ..

230 4026 386 4105 quominus
407 4030 465 4088 etc.
495 4029 604 4089 Eadem
628 4033 657 4091 in
680 4033 790 4093 ceteris
813 4029 899 4091 libris
914 4028 1020 4090 lacuna
1036 4034 1099 4109 est3
1121 4048 1204 4111 quam
1222 4028 1289 4091 1³01.
1307 4027 1402 4089 libra-

227 4124 335 4184 riorum
357 4125 487 4187 incuriae
508 4127 668 4191 adiudicat.

269 4221 415 4301 arbores,
437 4233 534 4308 quoe)
559 4227 601 4291 C:
629 4229 757 4292 arbores
778 4249 844 4311 quc.
867 4226 959 4289 solito
976 4227 1127 4288 scribendi
1145 4245 1225 4288 more
1241 4245 1296 4306 pro
1311 4240 1401 4308 quae.

229 4322 296 4409 Quo
323 4341 405 4384 moro
431 4324 481 4386 luc
508 4344 567 4389 uon
594 4330 821 4406 animadverso,
848 4326 959 4407 antiqui
987 4327 1120 4402 editores
1141 4325 1317 4388 coniunctim
1334 4325 1401 4386 edi-

228 4423 334 4482 derunt
355 4423 556 4508 arboresque,
582 4429 696 4510 totique
718 4427 786 4488 loco
808 4428 979 4505 perturbato
1003 4425 1105 4488 falsam
1127 4429 1304 4489 seutentiam
1327 4426 1401 4486 sub-

227 4523 370 4583 recu-unt.
