2978 4988
483 306 925 386 ANNO'I'A'PIONES.
1271 307 1348 397 223

65 544 169 622 potius
198 543 400 623 pertinentes3
430 560 494 603 enm
523 544 619 605 nostri
646 543 736 605 rebus
766 543 963 621 pravioribus
991 546 1053 607 sint
1080 545 1229 608 destinati.
1272 546 1345 623 ¹Seis.

64 660 160 720 vortit
182 659 311 740 „eigeue
333 657 569 720 Hondwerirer.“

673 862 742 921 120.

151 1003 344 1089 impotentia]
382 1008 402 1069 i.
425 1024 453 1068 e.
480 1005 650 1086 frondibus3
681 1007 868 1084 significatur
894 1007 991 1085 enim,
1020 1024 1218 1087 possessores
1249 1010 1345 1071 inisse

64 1123 247 1202 impotentes
269 1119 457 1184 cohibendae
480 1123 665 1203 cupiditatis,
688 1142 746 1204 quo
766 1122 986 1185 serebantured
1008 1123 1227 1203 usurpationem
1248 1143 1345 1189 rerum

63 1237 275 1316 pertinentium
297 1237 334 1298 od
356 1237 515 1317 publicum.
536 1237 624 1302 Pon.
654 1238 799 1319 „Mangel
820 1257 857 1299 on
878 1237 1241 1318 Selbstheherrsohung.“
1282 1242 1346 1302 lie-

64 1354 131 1414 dem
153 1352 335 1432 significatio
356 1353 426 1417 Art.
451 1357 520 1434 126,
543 1355 592 1416 uhi
614 1357 651 1417 de
674 1355 741 1434 ipso
762 1373 794 1415 re
815 1354 954 1434 pluribus
976 1355 1143 1418 disseritur.
1174 1355 1345 1432 Soh.„Un-

62 1467 332 1532 entheitsnmkeit.“

144 1583 339 1666 impotentia)
364 1585 384 1646 i.
406 1603 435 1648 e.
456 1584 626 1650 insolentie.
670 1584 737 1648 Οἱς.
758 1586 796 1647 ad
817 1585 921 1648 Femii.
942 1584 983 1650 X.
1007 1592 1035 1651 l.
1058 1586 1095 1648 de
1117 1588 1271 1665 Antonio;
1294 1588 1344 1650 uhi

68 1699 144 1761 male
165 1699 237 1762 Bru.
258 1720 289 1780 p.
311 1704 380 1765 212.
403 1705 465 1764 not.
488 1706 517 1765 2.
560 1700 696 1765 Gronov.
717 1701 754 1762 od
776 1700 886 1765 Senes.
907 1721 937 1782 p.
961 1704 1010 1765 79.
1053 1701 1168 1765 Sueton
1191 1682 1281 1767 G'oes.
1305 1707 1342 1765 ii

65 1833 109 1894 pr.
131 1814 269 1878 Hnlnn.

670 2019 741 2076 121.

141 2164 329 2246 explicando
346 2166 432 2245 snut)
455 2166 475 2226 i.
488 2182 515 2225 e.
533 2164 733 2244 expedienda,
756 2165 793 2224 od
811 2164 923 2224 exitum
940 2165 1141 2243 perducenda,
1159 2163 1342 2243 peragendo,

58 2280 248 2360 perficienda.
292 2280 406 2340 Possim
436 2279 473 2339 de
503 2278 560 2340 hae
588 2278 811 2357 significatione
839 2297 979 2340 monuere
1006 2284 1140 2341 veterum
1165 2279 1342 2357 scriptorum

59 2396 251 2472 interpretes.
296 2395 326 2455 iu
360 2395 464 2472 primis
490 2395 567 2473 opud
597 2392 830 2454 iurisconsultos
863 2393 1004 2475 frequens
1036 2413 1105 2455 esse
1132 2395 1263 2458 videtur.
1301 2395 1341 2455 of.

57 2511 196 2574 Brissou.
224 2510 254 2572 in
277 2509 417 2572 Soluendii
445 2508 521 2571 Lex.
543 2510 607 2571 Jur.
651 2507 720 2587 lpse
742 2509 901 2572 Frontinus
924 2508 1059 2586 Strateg.
1081 2508 1120 2573 11.
1143 2517 1174 2588 3,
1198 2516 1256 2572 lit
1291 2509 1343 2572 ubi

58 2627 232 2708 explicitum
254 2635 321 2704 est,·
343 2627 422 2708 quod
444 2626 676 2704 iuterpretantur
698 2623 909 2704 ‚‚peraetum“:
939 2626 993 2685 sed
1016 2625 1102 2686 loeus
1124 2627 1258 2688 incertus
1283 2632 1341 2690 est.

139 2741 286 2822 iniuriae)
308 2744 361 2804 der
381 2741 629 2819 Beschouigung.
663 2739 773 2803 Senee.
795 2740 864 2802 Not.
890 2741 947 2828 Qu.
969 2761 1000 2819 p.
1024 2743 1093 2805 139.
1119 2740 1258 2807 nnlnn.

145 2857 227 2919 Vitia
254 2869 356 2921 aurem
388 2860 462 2928 eto.)
497 2856 593 2918 Recto
620 2859 713 2918 totum
742 2855 840 2917 locum
868 2856 1019 2936 explicuit
1048 2857 1116 2921 Pol.
1158 2858 1243 2921 Vitia
1272 2865 1341 2924 sunt
1380 2850 1383 2855 ¹

59 2974 220 3053 eiusmodi,
248 2979 280 3037 ut
302 2974 338 3035 tis
360 2971 557 3035 subveniatur
578 2975 628 3033 aut
650 2991 709 3034 non
737 2972 928 3053 interpellato
958 2992 1051 3056 aquae
1079 2992 1135 3054 per
1156 2974 1274 3036 alveum
1296 2978 1340 3037 ri-

59 3108 162 3150 vorum
185 3108 284 3168 eursu‚
307 3095 358 3151 eut
380 3089 529 3150 enrenderi
552 3108 611 3150 non
632 3088 750 3168 possint
772 3089 830 3150 nisi
846 3107 933 3150 eursu
957 3075 1050 3171 aquae
1072 3089 1211 3151 obnlvoo
1234 3091 1339 3153 uitiato

58 3225 185 3286 evers03
209 3208 294 3267 ouius
315 3205 495 3284 posterioris
517 3203 642 3281 genonis
666 3221 702 3264 ee
722 3204 798 3264 vitia
819 3207 898 3282 sunt,
921 3223 995 3286 quae
1017 3205 1046 3266 in
1064 3205 1132 3283 ipso
1149 3203 1239 3266 alveo
1262 3208 1339 3267 tem-

56 3324 141 3402 poris
164 3322 354 3385 dintnmitate
377 3320 460 3380 nasei
483 3319 601 3380 debent.

667 3525 735 3582 122.

139 3682 171 3734 et
190 3671 337 3750 maximo)
360 3673 380 3735 i.
403 3675 434 3734 et
455 3673 587 3754 quidem.
608 3670 747 3734 numu.

137 3788 244 3863 Pilue)
266 3788 314 3850 De
336 3788 407 3867 pilis
430 3791 462 3848 et
483 3788 546 3848 tofo
568 3807 600 3851 v.
617 3786 683 3851 Pol.
710 3787 825 3849 Laudat
846 3787 944 3849 locum
966 3787 1127 3852 Forcellin.
1149 3808 1180 3852 u.
1203 3789 1296 3869 tofus.

139 3906 275 3984 cessent)
308 3903 327 3966 i.
351 3922 379 3967 e.
407 3902 553 3967 deficiant.
595 3903 645 3964 Ex
666 3902 890 3965 iurisconsultis
914 3904 1052 3984 exemplo
1073 3903 1165 3968 hebet
1186 3906 1337 3970 Foroelli·

53 4041 109 4085 nns
132 4021 162 4081 in
184 4039 215 4080 v.
262 4018 311 4083 Cf.
333 4018 472 4083 Soluendii
493 4019 570 4082 Lex.
592 4019 656 4081 Jur.

666 4223 733 4281 123.

142 4369 314 4450 structura)
337 4367 434 4431 Affert
456 4369 552 4433 iooum
574 4369 736 4432 Foroellin.

143 4485 277 4565 fidetem)
320 4483 472 4546 Adienos:
510 4530 528 4567 „
540 4484 656 4549 Fidelis
682 4485 833 4567 signifieat
855 4507 964 4550 surorum
996 4487 1068 4550 into.
1101 4487 1179 4550 nullo
1209 4488 1339 4550 admisso
