2978 4988
104 374 181 452 206
530 369 970 452 ANNO'PA'I'IONES.

107 613 269 692 promovit.
314 608 441 671 Scilicet
464 606 689 670 obvenientibus
715 603 835 689 (aquisz
859 604 969 688 datin.)
991 606 1012 666 i.
1036 625 1063 668 e.
1086 609 1183 689 aquis,
1206 606 1389 689 quaeClan-

108 731 176 790 diae
199 746 238 789 ex
259 727 380 787 Anione
403 723 623 803 obveniebant,
653 726 675 784 i.
699 743 727 785 e.
749 741 825 807 quae
847 743 887 784 ex
907 724 1030 785 Anione
1053 725 1082 784 in
1098 721 1253 785 Claudiam
1276 722 1388 785 aliasve

106 862 199 926 aquas
223 841 461 920 deducebantur3
489 841 522 900 ut
544 839 667 901 obvenit
685 841 757 902 milti
784 857 866 923 apen
895 841 1025 917 dicatur,
1053 843 1085 900 ut
1107 838 1225 900 solenni
1247 838 1388 921 loquendi

106 977 188 1020 urere
217 957 296 1037 apud
318 959 449 1036 optimos
470 975 606 1038 quosque
635 956 756 1020 obvenit
774 956 845 1018 mibi
864 958 1027 1038 prouincia
1050 954 1109 1035 (cl.
1130 955 1199 1018 Art.
1222 951 1300 1036 96),
1334 956 1389 1018 be-

105 1075 243 1154 reditos,
271 1076 331 1135 etc.

189 1199 224 1254 at
248 1191 416 1274 pleraeque
443 1184 691 1270 cremarentur)
722 1187 796 1252 Scb.
826 1189 923 1265 „dass
948 1189 1094 1249 meistens
1123 1186 1172 1248 die
1198 1185 1303 1250 ulareu
1326 1187 1388 1251 Ge·

105 1315 224 1369 wasser
245 1309 275 1367 in
291 1306 433 1382 Abn‘ege
455 1304 585 1381 geleitet
606 1305 762 1365 wurden.“
804 1304 872 1365 Nou
893 1303 1057 1366 intellexit.

188 1423 354 1506 splendore
374 1429 404 1483 ot
421 1422 542 1502 fripore
558 1416 625 1502 pr.)
648 1420 717 1482 Art.
730 1423 790 1483 93:
811 1418 1387 1503 Anio-sripidissimnssimaletsplen-

107 1539 295 1603 didiscimus.
337 1536 413 1598 Plin.
445 1537 484 1599 Η.
505 1538 544 1599 N.
566 1535 683 1598 XXXI.
711 1542 747 1601 3:
789 1536 920 1599 Marcia
950 1555 1032 1618 opno
1060 1536 1236 1597 clarissima
1261 1540 1387 1598 omniun

105 1666 168 1719 toto
192 1655 280 1731 orbe,
300 1655 431 1735 friporis
452 1653 702 1736 salubritatisque
720 1654 836 1735 palmo.
865 1652 914 1716 Of.
937 1651 1050 1728 Virgil.
1072 1651 1152 1714 Aen.
1173 1651 1242 1714 Vll.
1264 1656 1335 1714 683.
1358 1655 1387 1714 et

103 1772 232 1836 Leandri
252 1770 406 1849 Descript.
429 1769 496 1830 ltal.
518 1790 549 1850 p.
571 1774 644 1831 236.
669 1766 777 1831 Calon.
803 1773 892 1832 1561.

184 1881 307 1968 foedis]
331 1904 375 1948 sc.
397 1888 582 1948 ureretricum
604 1885 682 1947 usui.
703 1906 734 1947 v.
757 1885 842 1964 Lips.
863 1883 968 1967 Antiq.
990 1883 1075 1948 Lect.
1097 1884 1123 1946 I.
1149 1891 1195 1948 12.
1218 1884 1309 1947 Pol..

719 2087 771 2145 92.

188 2233 340 2316 discerni)
363 2237 384 2299 i.
402 2254 429 2297 ο.
452 2235 561 2313 curari,
578 2252 616 2297 ne
636 2234 906 2316 permiscerentur3
930 2234 1078 2296 distineri.
1101 2230 1241 2297 Heleia.

184 2348 320 2434 placuit]
343 2370 386 2413 sc.
408 2352 550 2430 Principi.
803 2330 806 2337 ¹

141 2457 148 2476 '
185 2465 282 2551 sicat)
311 2470 332 2529 i.
355 2486 384 2528 ο.
408 2467 538 2547 exempli
560 2469 668 2544 gratia.
711 2467 798 2556 Quod
826 2486 886 2529 non
914 2467 1036 2548 cepisse
1064 2459 1185 2529 videtu'r
1213 2464 1288 2528 Scb.
1310 2466 1384 2529 sori-

102 2582 194 2647 bens:
216 2583 271 2646 Sic
287 2588 375 2645 etiam
390 2584 597 2646 Anio-exibit.
639 2583 760 2662 lunge:
783 2582 893 2645 Omnes
913 2581 1026 2663 placuit
1042 2583 1084 2643 ita
1101 2583 1242 2663 ordinari,
1265 2586 1385 2645 ut-ser·

102 2701 198 2778 viret,
225 2702 257 2761 et
285 2705 318 2763 ut
347 2701 491 2779 deinceps
519 2699 928 2782 reliquae-assignarentur,
958 2698 1089 2778 exempli
1115 2701 1215 2778 gratia
1245 2702 1278 2761 ut
1302 2684 1402 2762 Anio¹

101 2812 333 2876 Vetus-exiret.
375 2816 472 2877 Etiam
493 2815 598 2876 lleinr.
615 2832 760 2894 separare
781 2816 891 2876 video:
913 2817 960 2875 sic
980 2822 1023 2876 at.

186 2928 328 3011 interior)
357 2931 378 2990 i.
401 2949 430 2991 ο.
454 2931 661 3011 propinquior.
703 2929 890 3009 Interpretor
916 2931 976 2991 ita:
1004 2930 1071 3017 Quo
1093 2931 1290 3014 propinquior
1310 2929 1382 2993 Urbi

101 3048 262 3128 excipitur,
286 3050 373 3129 atque
396 3045 472 3106 adeo
495 3044 644 3124 excipitur
655 3062 695 3105 ex
717 3045 844 3108 tluminis
865 3049 963 3127 parte,
986 3065 1060 3126 quae
1084 3048 1230 3110 turbatior
1246 3050 1295 3111 est
1311 3067 1383 3130 par-

101 3161 181 3224 tibus
203 3164 423 3226 remotioribus.
465 3160 546 3223 Anio
570 3163 657 3240 enim,
680 3180 738 3244 quo
755 3165 853 3241 magis
875 3163 1038 3225 recedebat
1058 3164 1094 3225 ab
1113 3166 1232 3240 origine
1254 3181 1322 3242 sua,
1346 3181 1382 3224 eo

100 3280 198 3355 magis
220 3279 403 3357 turbabatur,
420 3277 554 3358 pluribus
585 3296 624 3339 ex
646 3279 765 3357 causis,
792 3281 967 3361 praesertim
997 3296 1071 3340 vero
1103 3279 1281 3342 cedentibus
1309 3277 1383 3358 ripis

101 3398 133 3456 et
159 3394 348 3456 mollioribus
369 3398 401 3455 et
426 3394 622 3454 solutioribus
643 3369 680 3456 ‘ct
708 3394 767 3455 soli
797 3394 922 3474 pinguis
950 3395 999 3476 [u.
1020 3395 1089 3457 nrt.
1114 3398 1162 3459 15.
1184 3391 1252 3474 90].
1295 3394 1382 3457 1²01..

98 3514 237 3574 interior.
259 3509 342 3590 Lips.
364 3510 462 3572 illest.
484 3506 523 3570 ll.
547 3511 576 3568 2.
598 3507 719 3570 lleindi.
742 3510 778 3570 ad
801 3509 906 3571 Horat.
929 3509 994 3574 Sat.
1015 3530 1045 3590 p.
1069 3514 1140 3571 361.
1168 3509 1331 3572 l'orcellin.
1354 3512 1383 3571 in

100 3745 164 3820 est3
188 3741 242 3802 sed
265 3740 374 3822 ubique
393 3758 434 3803 ,ea
455 3758 495 3800 ex
517 3740 608 3801 rebus
630 3741 819 3803 adstantibus
841 3741 1009 3804 illustratur
1030 3745 1061 3804 et
1086 3743 1254 3805 accuratius
1277 3740 1383 3803 defini·

99 3861 163 3920 tur:
190 3856 271 3938 qued
293 3856 410 3938 quidem
432 3859 536 3918 nostro
558 3854 629 3917 loco
652 3875 741 3918 secus
764 3860 820 3918 est.
864 3856 992 3921 Sensum
1013 3862 1096 3920 recte
1126 3858 1208 3937 cepit
1235 3857 1325 3938 Pol.3
1353 3860 1384 3919 et

99 3972 194 4036 ornaris
217 3971 379 4032 difficultas
401 3971 560 4050 deciditur,
583 3973 610 4033 si
632 3970 733 4050 legis:
756 3973 894 4054 inferior.
937 3974 1121 4035 Permutatio
1134 3974 1281 4053 solenuiS,
1304 3994 1336 4035 v.
1349 3995 1382 4053 g.

97 4088 168 4151 ,lm
192 4091 251 4149 113
280 4090 341 4148 tres
372 4087 459 4148 codd.
481 4090 623 4164 interior,
650 4106 704 4168 pro
735 4089 865 4170 inferior
872 4109 888 4168 ,·
915 4091 946 4150 et
971 4090 1016 4151 sic
1043 4089 1114 4150 alibi
1144 4095 1225 4154 intra
1246 4093 1277 4152 et
1299 4091 1383 4171 infra

28 4270 33 4277 ,
98 4202 327 4266 confunduntur.
370 4202 415 4297 lln
436 4203 591 4281 syntaxis:
619 4224 724 4287 quum,
747 4224 805 4287 quo
827 4206 954 4265 inferior
976 4207 1143 4287 excipitur,
1167 4225 1204 4268 co
1227 4208 1268 4267 sit
1290 4207 1382 4266 nrinus

97 4319 238 4383 salubris.
286 4317 368 4377 Nihil
409 4319 529 4380 certius.
579 4320 715 4400 inferior
753 4323 774 4382 i.
808 4338 836 4382 e.
866 4338 924 4402 quo
958 4319 1083 4399 longius
1112 4324 1148 4385 ab
1177 4323 1295 4401 origine
1331 4340 1382 4383 re·

97 4435 195 4497 cedit:
235 4434 456 4512 significatione
494 4435 567 4499 satis
599 4439 680 4503 trita.
712 4436 826 4500 Noster
857 4435 993 4516 Strateg.
1026 4436 1051 4501 1.
1086 4441 1123 4518 l,
1162 4446 1202 4502 σε
1236 4438 1383 4520 inferiore

96 4554 214 4615 itinere.
