2978 4988
440 366 512 442 DE
544 364 735 459 AOUAE
773 364 1055 448 nucumlts.
1315 368 1389 445 117

113 558 232 653 Quem
267 561 411 635 reditum
447 589 556 662 prope
590 572 833 641 sestertiorum
866 557 1091 642 ducentoium
1123 569 1295 668 quinqua-

109 680 207 775 ginta
233 678 394 772 millium,
428 681 612 754 alienatum
640 706 681 755 ac
708 709 858 782 rugum,
891 689 1064 782 proximis
1090 709 1177 758 vero
1203 698 1295 759 tem-

110 795 257 891 poribus
296 796 330 866 in
368 795 559 869 Domitiani
596 798 732 871 looulos
774 823 1003 892 conversum,
1043 801 1173 873 iustitia
1210 799 1298 874 Divi

110 909 260 985 Neruae
292 911 421 1008 populo
457 914 627 1008 restituit,
663 928 784 987 nostra
810 914 980 988 sedulitas
1007 913 1050 987 ad
1077 927 1208 989 certam
1234 940 1295 989 re-

111 1025 229 1123 gulam
256 1027 413 1125 redegit,
443 1040 480 1100 ut
506 1040 702 1124 constaret,
731 1055 821 1126 quae
849 1040 971 1104 essent
990 1031 1033 1104 ad
1051 1030 1120 1105 boo
1141 1030 1298 1129 vectigal

110 1144 316 1239 pertinentia
348 1144 436 1216 looa.
490 1143 663 1220 Caesaris
697 1145 824 1220 familia
856 1171 904 1220 ex
929 1145 1016 1222 fisoo
1044 1148 1171 1244 aooipit
1196 1169 1296 1220 com-

109 1257 230 1349 moda3
265 1259 357 1332 unde
394 1270 428 1333 et
461 1286 562 1335 omne
597 1262 773 1359 plumbum
809 1272 842 1335 et
877 1288 999 1336 omnes
1038 1265 1219 1360 impensae
1253 1260 1297 1334 ad

110 1373 239 1448 duetus
266 1388 300 1448 et
327 1377 471 1450 castella
498 1389 532 1451 et
558 1379 657 1451 laous
683 1378 898 1476 pertinentes
927 1390 1129 1477 erogantur.

186 1488 361 1581 Quoniam
397 1517 486 1589 quae
518 1494 726 1568 videbuntur
759 1495 802 1567 ad
838 1494 999 1568 familiam
1025 1495 1202 1593 pertinere
1227 1516 1294 1567 ex·
1321 1489 1395 1564 119

109 1608 312 1703 posuimuS,
340 1608 387 1682 ad
411 1610 554 1683 tutelam
581 1609 764 1703 ductuum,
793 1612 887 1684 siout
912 1615 1209 1708 promiseramus,
1238 1606 1295 1680 di-

106 1733 309 1821 vertemuS,
345 1750 420 1799 rem
451 1726 608 1800 enixiore
639 1751 723 1801 cura
750 1726 909 1824 dignam,
944 1751 1024 1801 oum
1047 1710 1296 1822 magnitudinis

107 1836 259 1913 Romani
285 1842 419 1938 imperii
445 1842 480 1916 id
506 1843 732 1940 praecipuum
757 1846 806 1918 sit
831 1842 1005 1917 indicium.
1054 1841 1167 1915 Multa
1193 1850 1297 1936 atque

109 1956 222 2053 ampla
250 1980 356 2053 opera
383 1958 533 2031 subinde
559 1970 769 2053 nascuntur,
799 1961 925 2056 quibus
947 1968 1026 2031 ante
1047 1960 1208 2030 succurri
1229 1954 1294 2028 de·

107 2071 182 2166 bet,
211 2096 314 2168 quam
339 2098 467 2170 magno
494 2076 623 2148 auxilio
652 2099 762 2173 egere
788 2077 963 2172 incipiant.
997 2073 1211 2167 Plerumque
1237 2080 1294 2143 ta·

107 2210 187 2262 men
212 2188 372 2286 prudenti
398 2201 670 2287 temperamento
698 2190 922 2282 sustinenda,
951 2190 1124 2288 quianon
1151 2209 1294 2283 semper

106 2328 196 2402 opus
223 2318 283 2378 aut
308 2306 426 2378 lacere
453 2317 511 2378 aut
533 2306 701 2405 ampliare
723 2307 971 2403 quaerentibus
992 2301 1202 2377 credendum
1224 2314 1291 2374 est

104 2421 261 2518 ideoque
295 2448 363 2494 non
398 2422 511 2495 solum
546 2424 692 2497 soieutia
726 2424 936 2522 peritorum,
978 2420 1043 2493 sed
1083 2432 1118 2491 et
1147 2421 1291 2515 proprio

103 2562 172 2613 usu
199 2535 356 2614 Curator
380 2540 572 2610 instructus
599 2561 683 2611 esse
710 2538 832 2632 debet,
861 2561 927 2610 neo
955 2560 1043 2613 suae
1061 2544 1192 2608 tantum
1212 2543 1290 2607 sta-

20 2696 23 2701 ·
103 2657 207 2729 tionis
243 2654 441 2728 arcbiteotis
475 2657 543 2752 uti,
587 2653 652 2733 sed
683 2656 831 2753 plurium
864 2653 1040 2727 advocare
1071 2676 1140 2724 non
1173 2656 1289 2722 minus

103 2770 226 2865 fidem,
264 2795 366 2866 quam
399 2772 643 2866 subtilitatem,
679 2783 716 2844 ut
742 2773 920 2861 aestimet,
958 2792 1048 2867 quoe
1074 2790 1286 2865 repraesen-

14 2926 22 2951 ·
56 2872 59 2877 ⁵
101 2887 225 2983 tanda,
273 2912 363 2984 quae
396 2888 584 2961 dillerenda
616 2893 705 2983 sint,
751 2899 785 2961 et
816 2911 961 2979 rursum,
1006 2909 1097 2982 quae
1129 2907 1193 2983 per
1224 2906 1286 2957 re·

104 3003 305 3104 demptores
341 3005 434 3078 ellioi
467 3003 632 3101 debeant,
673 3028 763 3101 quae
789 3031 852 3102 per·
879 3003 1095 3076 domesticos
1121 2998 1287 3073 artifices.

104 3122 310 3197 Nascuntur
337 3147 443 3220 opera
471 3146 516 3193 ex
541 3121 595 3193 his
623 3121 762 3194 causis:
803 3130 862 3193 aut
888 3118 969 3215 quid
994 3126 1171 3191 vetustate
1198 3140 1281 3189 cor·
1308 3112 1384 3189 120

140 3356 395 3434 promiseramus)
420 3352 461 3415 C:
481 3359 692 3438 promiseram.
715 3353 782 3415 soil.
804 3372 859 3433 pro
882 3387 920 3395 —
944 3357 1001 3413 urn'
1022 3352 1043 3410 i.
1057 3368 1085 3410 o.
1107 3368 1202 3410 amus.
1319 3367 1368 3418 119

140 3453 338 3529 divertemus)
360 3454 389 3515 V
411 3454 449 3517 F:
472 3455 667 3516 (libertorum.
689 3454 708 3514 J
731 3456 761 3514 et
783 3467 851 3515 reo:
874 3453 1061 3513 divertimus.

138 3555 294 3632 crimme)
319 3550 406 3614 GU:
430 3559 603 3633 eniuiurern.

139 3653 174 3713 nl
192 3654 321 3734 praec.)
346 3650 390 3714 C:
414 3664 446 3713 ut
464 3673 516 3734 pr.
539 3653 622 3716 Vl':
645 3652 688 3713 od
708 3655 891 3734 principium
912 3655 955 3712 sit
977 3653 1100 3710 initium.

136 3753 334 3831 sustinenda)
379 3751 411 3812 ln
447 3753 656 3813 onrendntiono
688 3756 849 3812 erratorum
888 3751 924 3811 ad
959 3749 1044 3809 sunem
1074 3748 1123 3809 od.
1144 3746 1213 3812 luo.
1235 3746 1283 3808 le-

97 3852 197 3929 gitur:
232 3851 383 3933 pleraque
410 3861 508 3913 tumen
528 3884 570 3894 -
590 3850 769 3912 sustinendo
796 3858 876 3910 eunt.
908 3866 1002 3929 eaque
1024 3866 1042 3908 a
1062 3848 1282 3927 posterioribus

96 3951 262 4013 editoribus
283 3951 410 4027 vulgata
432 3955 480 4010 ost
502 3951 604 4011 lottio.
649 3949 723 4010 Sub.
745 3956 815 4009 sunt
834 3951 943 4009 sustin.

135 4055 207 4132 puta
229 4070 288 4113 non
308 4051 425 4132 semp.)
449 4048 494 4110 U:
517 4053 566 4133 pm'
588 4059 659 4111 onte
679 4067 773 4129 serap.
796 4048 881 4109 vn:
904 4050 974 4130 puio
995 4054 1065 4109 unte
1085 4065 1190 4129 super.

134 4151 287 4229 aestimet)
311 4148 353 4211 U:
376 4154 535 4214 existimet.

131 4269 190 4330 per
209 4247 436 4331 redemptores)
462 4250 625 4310 Excidllno
648 4241 781 4309 rinctus?
821 4246 959 4310 nnlnn.

133 4368 173 4409 ab
199 4348 248 4409 llis
277 4348 387 4425 cuns.)
421 4348 500 4409 Tros
529 4350 629 4411 codd:
665 4369 703 4409 eu
730 4353 759 4410 iu
788 4345 864 4429 [pro
887 4351 949 4420 iia)
981 4365 1066 4412 caus.
1115 4347 1188 4408 Jet
1209 4363 1278 4407 roo:
1328 4361 1378 4414 120

89 4444 157 4523 sere
177 4467 218 4508 eu
233 4447 284 4509 bio
302 4467 410 4524 caus.,·
432 4449 462 4508 in
484 4468 542 4530 quo
565 4466 636 4509 voc.
656 4448 726 4527 sine
746 4446 804 4509 lruo
827 4447 998 4509 translatum
1021 4443 1139 4508 ridetur
1160 4463 1200 4505 ex
1216 4446 1278 4506 lni-

94 4546 136 4604 tio
158 4544 316 4628 museo.
