2978 4988
94 404 170 481 tto
538 390 947 477 FRON'I‘INUS

193 629 380 726 rumpitur,
417 638 475 703 aut
506 627 706 727 impotentia
731 646 1001 723 possessorum,
1039 621 1156 693 autri
1182 627 1376 717 tempesta·

193 757 284 842 turn,
321 757 382 818 aut
414 744 516 842 eulpa
548 726 638 817 male
673 742 755 815 tacti
788 740 926 838 operiS,
963 736 1055 834 quod
1081 737 1226 833 saepius
1253 731 1377 807 accidit

96 857 169 934 121
195 861 228 933 in
264 860 478 936 recentibus.
528 861 624 936 Fere
662 869 721 931 aut
753 865 930 930 vetustate
968 864 1027 926 aut
1059 854 1095 926 ri
1129 861 1375 948 tempestatum

194 988 313 1073 partes
346 978 508 1051 ductuum
541 977 716 1068 laborant,
752 997 841 1069 quaa
873 971 1133 1045 arcuatiuutous
1160 973 1377 1045 sustinentur

194 1103 253 1165 aut
277 1096 444 1168 montium
469 1091 638 1169 lateribus
661 1090 854 1190 applicatae
874 1098 970 1183 sunt,
999 1102 1034 1160 et
1054 1112 1098 1160 ex
1118 1090 1376 1165 mutuationibus

87 1276 324 1293 Μ

235 1405 291 1457 out
316 1396 390 1481 quid
416 1404 478 1459 oet.
509 1398 586 1466 etc.)
614 1392 682 1455 Pol.
711 1411 751 1453 ex
777 1392 795 1453 i
819 1396 850 1453 et
871 1407 932 1451 rec.
961 1388 1120 1466 vulgavit:
1152 1409 1221 1450 urim
1242 1402 1376 1455 erutuet.

196 1505 433 1577 corrumpuntur.
475 1495 554 1557 Tres
575 1493 674 1554 codd:
701 1500 756 1554 out
780 1500 841 1553 cet.
869 1498 1113 1569 corrumpuntur,
1143 1492 1295 1570 superfluo
1323 1492 1375 1555 illo

193 1612 262 1654 uum
283 1600 366 1657 reete
388 1594 512 1657 omisso.
555 1592 617 1657 Sed
639 1592 710 1674 quid
733 1583 951 1670 corrumpitur?
991 1587 1057 1649 Pol.
1080 1587 1224 1666 intelligit
1250 1600 1376 1672 „partes

195 1691 371 1774 ‹luctuum“‚
394 1692 469 1756 Scb.
487 1693 593 1754 inserit
610 1690 729 1766 duetus,
745 1693 870 1771 uterque
887 1690 1019 1749 tortasse
1034 1689 1200 1768 respiciens
1217 1690 1288 1752 Art.
1301 1697 1375 1754 121:

194 1790 273 1852 Fere
297 1801 353 1855 eut
371 1802 430 1855 eet.
452 1800 506 1863 eut
527 1794 560 1853 oi
581 1800 671 1872 temp.
691 1800 800 1872 portes
821 1789 960 1852 ductuum
981 1786 1131 1849 iuberent.
1174 1789 1218 1851 m
1239 1810 1314 1853 vero
1336 1791 1376 1853 li-

193 1887 311 1951 brorum
331 1892 467 1968 vestigia
487 1890 573 1953 aliam
594 1889 683 1953 uobis
705 1890 860 1968 depravati
882 1887 943 1948 loci
964 1888 1100 1948 medendi
1124 1889 1200 1949 viam
1223 1909 1375 1970 commou-

194 1991 305 2067 strant,
327 2009 414 2072 quum
437 1991 566 2070 optimus
588 1986 613 2051 C
634 1991 764 2068 pergat:
786 1996 840 2049 aut
861 1986 935 2070 quid
955 1992 1141 2068 impotentia.
1165 1983 1195 2049 et
1217 1989 1240 2049 F
1261 2008 1375 2071 perop-

194 2093 323 2164 portune
340 2088 484 2152 exhibeat
501 2091 663 2170 eorrumpi.
698 2086 827 2150 Scilicet
847 2087 943 2148 locum
966 2088 1124 2149 ururttestu
1146 2090 1272 2150 protavit
1294 2092 1374 2173 quid,

195 2192 225 2246 et
254 2189 283 2247 in
307 2188 437 2249 ordinem
459 2189 657 2251 revocandum
686 2190 734 2249 esi
755 2189 816 2248 sie:
846 2197 903 2248 erut
921 2185 994 2269 quid
1015 2196 1075 2248 oet.
1100 2193 1303 2269 corrumpitur
1324 2201 1375 2253 out

193 2289 263 2368 imp.
301 2288 368 2376 Quo
388 2292 477 2369 pacto
501 2287 597 2351 orinia
618 2288 729 2367 optime
749 2286 926 2366 procedunt.
965 2287 1000 2346 la
1021 2285 1208 2361 recentibus,
1231 2306 1274 2348 sc.
1298 2308 1373 2370 ope-

191 2385 285 2448 ribus.

233 2486 455 2568 tempestatum)
478 2485 523 2551 C:
544 2490 772 2570 tempestatium.
794 2504 878 2566 quam
896 2486 1016 2545 l'ormam
1034 2487 1063 2546 io
1081 2485 1222 2547 Frontino
1241 2489 1373 2551 destituit

191 2583 279 2646 deleo.
318 2588 367 2652 (Η.
389 2588 425 2648 ad
448 2586 584 2649 Art-95.

232 2686 352 2751 oceidit
370 2691 400 2748 iu
421 2686 504 2766 ree.)
526 2684 574 2748 lta
595 2705 634 2747 ex
655 2686 674 2746 d
696 2688 728 2747 et
747 2701 809 2744 roc.
843 2681 918 2743 .Pol.
940 2688 971 2745 ct
992 2684 1186 2762 posteriores,
1231 2686 1264 2747 ln
1288 2694 1371 2750 retr-

191 2783 234 2842 ris
261 2782 347 2846 libris
376 2786 572 2864 corrumpitur
600 2783 686 2845 locos
713 2788 745 2845 ct
773 2800 837 2845 cum
864 2781 950 2843 initio
978 2782 1046 2843 Art.
1069 2802 1134 2864 seq.
1162 2787 1371 2867 cont'onditor3

190 2899 313 2963 quorum
344 2880 387 2947 Gt
415 2884 534 2946 oceidit
560 2881 761 2946 Ireceorebus
785 2882 864 2960 fere.
908 2878 980 2943 t'v
996 2883 1036 2944 F:
1065 2882 1193 2946 cecidit.
1222 2884 1298 2946 Ideo
1322 2906 1372 2947 re-

191 2981 326 3042 centibus
344 2983 423 3063 sere.

232 3073 457 3164 tempestatum)
486 3083 598 3163 primos
619 3083 753 3146 restituti
773 3082 944 3159 iucundos,
975 3098 1038 3143 cum
1061 3101 1077 3140 a
1100 3083 1188 3143 codd.
1212 3090 1242 3146 ct
1264 3088 1371 3148 retus-

190 3180 316 3242 tiorlbus
338 3181 406 3242 edd.
428 3181 517 3245 absit.

229 3285 429 3358 sustinentur)
459 3282 502 3346 ti:
524 3285 697 3344 sustinetur.

111 3364 114 3371 ⁴
231 3402 286 3442 ene
308 3386 403 3464 paror)
427 3379 515 3445 CU:
537 3401 616 3467 eque
637 3381 687 3442 rei
709 3402 730 3443 e
751 3401 838 3465 quoe.
881 3382 952 3443 iet
973 3395 1041 3441 ree:
1065 3400 1187 3462 eaeque.
1231 3383 1371 3460 Scaliger

190 3479 271 3540 delet
294 3502 361 3543 cue.

229 3581 440 3659 truir'eiuntur)
467 3579 493 3642 C
509 3579 558 3643 U:
581 3587 671 3644 truie.

230 3677 383 3766 Ideoque)
408 3681 488 3743 libri
510 3685 630 3761 praeter
653 3680 697 3744 C:
719 3681 809 3745 Ideo.

227 3778 353 3857 diliana)
381 3781 421 3842 J:
445 3781 558 3843 llimis.

229 3880 396 3959 eiusruorii)
426 3881 442 3941 i
466 3886 498 3943 et
517 3899 580 3942 rec.
603 3882 712 3944 addunt
733 3892 787 3944 eut
806 3883 894 3944 teliu.
939 3882 1067 3942 lluedem
1091 3882 1167 3942 lntru
1187 3884 1372 3961 pergustet

186 3993 261 4051 uon,
285 3996 342 4038 onn
365 3989 425 4039 out.
931 3963 936 3971 ’
1345 4002 1354 4009 ··

230 4092 337 4152 eursu)
364 4079 453 4139 Adde
475 4100 574 4165 equae
596 4102 697 4144 eursu.
740 4080 808 4144 utu.
830 4086 903 4145 123:
932 4080 1126 4161 interpellato
1147 4098 1250 4162 epure
1269 4100 1368 4142 eursu.

187 4174 324 4238 illllbll.
368 4177 475 4239 liceto.
518 4180 629 4243 Adhuc
651 4201 751 4262 oquae
773 4180 1010 4243 desiderabatur.

228 4277 357 4356 urerso]
387 4275 449 4338 Gi
473 4288 503 4340 et
525 4296 593 4339 rect
624 4300 744 4343 ereren.
787 4277 832 4341 U:
860 4278 1006 4341 aduersu.
1029 4277 1119 4338 solita
1141 4282 1367 4357 pornmtotlooe.

187 4374 214 4434 V
238 4376 260 4436 l*
287 4380 318 4435 et
346 4377 392 4436 ed.
415 4394 467 4455 prt
489 4377 626 4439 orlrmrse
651 4400 695 4442 re.
739 4377 960 4440 Coullclebamt
987 4396 1069 4461 uque
1090 4397 1214 4440 comae.
1256 4378 1369 4445 licitus

184 4480 279 4534 tarneu
302 4493 366 4536 cum
389 4475 455 4536 l’ol.
478 4482 509 4538 et
531 4476 603 4537 sel.
628 4478 769 4541 currendos
789 4496 917 4549 uuerco,
940 4495 983 4538 so.
1007 4494 1105 4539 cursu.
1149 4474 1198 4539 Cl.
1220 4477 1291 4541 Au.
1312 4480 1369 4540 m

184 4556 251 4615 uu:
274 4564 302 4618 si
322 4570 499 4621 orerteatur
523 4560 641 4622 (tractus.
