2978 4988
448 336 886 414 ANNOr'Adronns.
1309 336 1383 419 221

100 572 235 636 welclrer
257 591 317 634 von
341 574 399 635 den
421 571 646 650 Paclrtgeldern
670 575 724 635 der
745 591 811 634 num
833 572 1048 635 Wasserrecht
1068 571 1240 651 gelrdrigen
1263 574 1386 637 Grund-

99 690 207 752 stdelre
230 690 437 767 autgewogen
460 689 546 751 vird.

183 807 348 869 alienatum
377 826 416 868 ue
443 807 572 886 capum)
603 805 651 866 De
678 823 788 882 sensu,
818 823 903 885 quem
927 808 1126 866 controversa
1146 825 1210 866 vox
1232 808 1385 867 continere

101 923 227 1001 debeat,
251 921 385 983 dubitare
408 939 467 982 uun
493 922 624 1001 poterit,
654 922 790 1002 quisquis
811 939 907 981 rernm
929 938 1038 981 nexum
1061 921 1309 983 consideraverit.
1353 922 1386 983 ln

100 1040 204 1119 primis
226 1038 347 1099 attende
369 1036 544 1115 particulam
565 1037 785 1098 adversativam
809 1054 894 1114 uero,
917 1038 949 1097 ut
971 1054 1046 1117 quae
1062 1037 1235 1111 gravissimi
1258 1040 1298 1098 sit
1319 1056 1386 1099 nru-

101 1155 203 1215 menti.
246 1142 401 1214 Proximis
422 1171 494 1214 nero
517 1152 718 1235 temporibus,
742 1155 784 1213 ait
805 1153 983 1229 Frontiana,
1007 1151 1124 1213 reditus
1145 1152 1200 1213 itte
1221 1157 1252 1214 ia
1274 1155 1387 1216 Domi-

101 1275 180 1332 tinm'
202 1270 323 1332 locutos
345 1287 511 1330 conversus
532 1278 599 1345 est,·
626 1273 745 1330 iustitia
767 1271 845 1330 Dici
865 1267 996 1330 Nervae
1014 1268 1130 1350 populo
1161 1289 1226 1329 euru
1247 1273 1388 1334 restituit.

102 1386 202 1465 Igitur
223 1385 337 1446 reditus
360 1384 433 1460 ille,
462 1387 512 1466 qui
542 1385 579 1446 ad
601 1384 743 1464 populum
768 1386 972 1466 aerariumque
1000 1384 1182 1463 pertinebat,
1212 1383 1281 1445 dolo
1311 1386 1388 1447 nralo

102 1502 175 1564 huie
198 1504 320 1581 ereptus
343 1505 374 1562 et
394 1520 450 1580 per
471 1519 543 1579 eos,
577 1503 751 1584 inquorum
781 1499 876 1561 tutela
897 1502 978 1577 erat,
1006 1499 1110 1561 fraude
1139 1500 1198 1561 alio
1222 1518 1390 1562 conversus

105 1623 172 1697 est,
202 1637 261 1700 quo
285 1635 344 1678 non
366 1616 514 1696 debehat,
542 1617 665 1678 aliorum
687 1615 837 1679 hominum
860 1634 1016 1676 avarorum
1039 1634 1115 1696 opes
1136 1617 1238 1694 auxit,
1267 1635 1389 1698 quorum

104 1752 165 1797 non
196 1735 335 1795 debehat.
377 1727 490 1794 Postea
516 1751 591 1794 vcro
619 1734 809 1796 Domitianus
836 1732 868 1794 iu
896 1750 969 1793 suos
996 1730 1114 1793 loculos
1142 1733 1309 1809 convertit3
1339 1732 1391 1792 vel

107 1849 271 1912 Curatores
293 1849 463 1929 ambitiosi,
487 1849 620 1910 nimirum
643 1849 679 1909 ad
700 1847 851 1926 Principis
873 1849 1001 1924 gratiam
1023 1849 1207 1927 captandam,
1229 1849 1259 1909 in
1281 1849 1392 1910 Domi-

107 1969 180 2030 tiani
204 1967 324 2028 loculos
346 1964 569 2029 transtulerunt.
611 1965 689 2026 lluie
712 1964 876 2026 iniustitiae
899 1967 930 2025 et
947 1964 1165 2026 defraudationi
1185 1965 1286 2027 Nerva
1308 1940 1392 2026 linem

107 2085 222 2163 posuit,
244 2083 429 2162 reditumque
452 2084 567 2143 aerario
590 2081 734 2146 restituit.
778 2081 885 2156 Pergit
905 2079 1080 2146 Frontinus:
1108 2090 1215 2143 nostra
1242 2081 1394 2144 sedulitas

108 2201 152 2261 ad
172 2209 284 2260 eertum
301 2197 437 2276 requiam
457 2197 585 2276 redepit.
628 2194 727 2274 Igitur
747 2197 864 2256 reditus
887 2199 975 2256 antea
1003 2197 1094 2256 certis
1123 2196 1240 2273 regulis
1263 2197 1395 2258 adstric„

108 2320 157 2377 tus
174 2332 234 2375 nou
256 2316 335 2390 erat,
358 2316 422 2372 erat
443 2313 593 2388 incertus,
616 2312 811 2389 inconstanS‚
834 2311 1054 2388 negligentiae,
1078 2313 1235 2373 temeritati
1258 2317 1289 2373 et
1310 2313 1394 2373 arbi-

88 2416 168 2493 'trio
192 2431 321 2490 tutorum
344 2426 504 2503 obnoxius,
528 2427 633 2506 quihus
656 2445 693 2486 ne
716 2427 872 2487 constabat
894 2427 1029 2507 quidem,
1053 2445 1128 2508 quae
1150 2432 1253 2489 essent
1269 2428 1338 2490 loca
1358 2429 1395 2490 ad

107 2543 244 2621 vectigal
265 2544 455 2623 pertinentia.
484 2575 522 2585 -
545 2542 633 2630 Quod
656 2560 742 2624 quum
765 2542 823 2602 duo
847 2542 925 2618 siut,
955 2560 1031 2624 quae
1052 2519 1213 2603 Frontinus
1243 2544 1394 2624 distineat,

110 2681 234 2744 quornm
256 2661 409 2738 posterius
433 2660 591 2720 manifesto
614 2661 652 2720 ad
674 2658 800 2720 reditum
822 2676 933 2737 capum
955 2660 1092 2735 spectet3
1122 2658 1191 2719 loco
1215 2665 1395 2722 controver-

111 2797 163 2838 sae
186 2778 276 2837 voois
299 2777 441 2854 serlptam
464 2776 500 2836 ab
523 2777 656 2837 auctoris
678 2794 763 2836 mann
786 2776 882 2835 luisse
904 2790 1010 2835 voeenr
1032 2777 1173 2853 apparel,
1201 2794 1276 2858 quae
1302 2779 1396 2856 priori

61 2963 63 2968 ¹
112 2895 281 2954 sententiae
306 2891 494 2953 adurubrntae
515 2893 692 2970 respondet.
736 2891 809 2954 Selr.
833 2889 987 2967 vulgatam
1009 2891 1102 2952 vertit
1123 2893 1314 2970 „springend
1337 2897 1397 2957 und

112 3006 349 3086 unlnestindig‘⁴;
377 3027 452 3090 quae
474 3010 578 3069 versio
601 3008 857 3088 iuterpretationis
878 3007 1007 3082 indiget.
1050 3007 1119 3083 ligo
1136 3027 1259 3089 quoqne
1282 3011 1398 3072 retine-

113 3125 355 3201 remsuiientem‚
378 3141 414 3184 ea
436 3127 571 3202 notione,
594 3129 627 3186 ut
648 3125 752 3186 iocose
776 3124 891 3185 dicatur
911 3135 984 3202 pro:
1008 3126 1095 3184 modo
1119 3123 1154 3183 ah
1176 3122 1234 3184 lroe
1251 3127 1339 3186 nrodo
1361 3128 1398 3188 ab

115 3240 168 3302 illu
191 3242 365 3318 occupatum
388 3258 422 3300 ac
445 3241 642 3314 vindicatum,
666 3240 752 3300 modo
775 3240 812 3300 ad
839 3237 918 3300 hunc
940 3241 1028 3300 modo
1051 3241 1088 3301 ad
1111 3238 1192 3300 illum
1216 3239 1399 3320 translatum,

115 3359 205 3419 modo
228 3358 257 3417 in
279 3355 368 3417 huius
396 3356 484 3416 modo
512 3358 541 3417 in
571 3355 653 3416 illius
684 3353 832 3416 sacculum
855 3355 1080 3416 transilientem.
1124 3355 1187 3417 Sed
1209 3357 1274 3417 dum
1297 3358 1400 3419 vindi-

116 3492 185 3535 care
207 3472 331 3534 verbum
353 3472 468 3546 salire,
491 3473 570 3533 nude
592 3477 623 3534 ct
645 3470 782 3533 absolute
805 3473 850 3532 sic
872 3472 1020 3550 positum,
1043 3471 1216 3533 idoneorum
1241 3473 1401 3552 exemplo-

115 3609 178 3651 rum
201 3589 379 3649 auetoritate
401 3588 508 3649 fulcire
531 3608 590 3649 non
612 3589 720 3666 valeo,
749 3589 779 3648 in
810 3590 926 3649 textum
955 3587 1030 3648 illud
1052 3586 1187 3666 recipere
1213 3607 1272 3649 non
1295 3591 1400 3651 ausim.

118 3703 315 3792 Quamolrrenr
336 3702 443 3764 Poleni
470 3705 703 3766 emendationem
726 3706 849 3771 secutus
871 3723 952 3781 suin,
975 3704 1011 3764 ad
1034 3722 1153 3764 sensnm
1170 3705 1362 3785 aptissimam,
1383 3724 1402 3767 a

117 3839 189 3883 mss.
211 3821 356 3899 vestigiIs
377 3838 473 3899 paene
495 3819 569 3880 nilril
591 3821 821 3899 discrepantem.

200 3937 378 4009 alienatum)
400 3935 498 3998 lntcll.
521 3954 539 3995 a
559 3936 685 4015 populo,
708 3954 748 3996 ex
770 3955 853 4018 seqq.
879 3934 1018 3998 lllllNlt.

202 4057 233 4114 iu
255 4053 374 4115 locutos
398 4056 589 4124 conversum)
619 4051 754 4114 Gronov.
781 4051 856 4115 ons.
884 4072 916 4132 p.
939 4055 1000 4114 cio
1028 4051 1241 4133 confiscatum,
1271 4053 1402 4115 Sueten.

121 4168 233 4235 Oetav.
256 4186 284 4230 e.
307 4169 362 4231 ult.
384 4168 522 4232 lllllNlt.
545 4168 593 4230 De
616 4168 726 4230 iocum
749 4170 787 4232 et.
810 4166 884 4231 Scir.
908 4169 978 4231 Vll.
1002 4175 1050 4231 ll.

153 4355 156 4362 ¹
203 4295 309 4348 nostru
330 4283 498 4367 sedulitas)
528 4285 638 4347 lisdem
665 4285 758 4345 utitur
779 4285 883 4346 verbis
907 4272 1042 4363 Stratcg.
1065 4286 1184 4363 Praei,
1207 4285 1256 4346 uhi
1279 4283 1403 4347 (iudeu-

123 4402 208 4482 durp.
230 4405 360 4464 nostrum
382 4402 480 4465 locum
502 4401 619 4467 laudata
642 4400 745 4471 iisdem
768 4401 805 4462 dc
827 4399 907 4476 Agr.
931 4402 1019 4490 Qual.
1042 4422 1072 4482 p.
1095 4407 1134 4464 28
1156 4420 1205 4480 ap.
1229 4399 1321 4464 noes.

206 4517 336 4581 castella
347 4527 377 4578 et
387 4518 490 4591 lucus)
499 4516 691 4582 Munmuhic
704 4536 762 4578 non
775 4516 945 4596 pusita‚uhi
959 4519 995 4579 de
1004 4520 1080 4599 fiseo
1092 4537 1190 4580 sermo
1203 4517 1404 4579 estillllNll.
