2978 4988
424 338 495 412 DE
521 338 711 431 AOUAE
737 338 1016 426 DUO'PIBUS.
1289 334 1365 413 105

85 567 241 643 Curator
271 566 395 642 ‹ieinde
421 571 593 646 berresrcio
622 573 794 650 Caesaris
820 588 1005 670 praestare
1031 579 1262 646 maturitatem

85 698 117 756 et
144 685 606 760 Procuratoremeiusdem
632 688 737 762 officii
762 688 921 762 libertum
951 687 1123 764 Caesaris
1150 693 1262 784 proti-

83 827 148 872 nus
182 802 352 874 scribere.
403 803 676 876 Procuratorem
702 816 815 876 autem
842 811 975 902 primus
1003 805 1060 876 'tu
1087 803 1263 880 Claudius

83 916 222 988 ridetur
249 916 472 1010 admovisse,
504 932 687 1016 postquam
715 920 891 994 Anionem
918 921 1061 993 Novum
1088 931 1122 993 et
1149 917 1263 994 Clau·

86 1031 173 1104 diam
202 1031 349 1106 induxit.
402 1034 493 1122 Quid
527 1037 701 1108 contineat
731 1038 894 1133 epistola⁷
928 1036 1042 1108 vilicis
1070 1034 1147 1107 fieri
1172 1059 1263 1130 quo-

85 1173 150 1243 que
185 1163 302 1219 ruitum
338 1148 458 1245 debet,
496 1175 539 1223 ne
573 1151 709 1247 quando
742 1152 991 1249 negligentiam
1022 1161 1081 1224 aut
1106 1150 1264 1223 fraudent

83 1289 181 1336 suam
219 1271 437 1361 ignorantiae
472 1267 590 1338 colore
623 1266 818 1340 defendant.
870 1268 1085 1339 Procurator
1118 1267 1264 1338 calicem

83 1382 158 1451 eius
188 1379 337 1468 moduliq
374 1387 432 1476 qui
460 1382 561 1455 suerit
586 1384 808 1480 impet1·atuS‚
846 1382 1009 1455 adhibitis
1036 1382 1262 1455 libratoribus

82 1497 214 1592 signari
242 1497 393 1593 cogitet⁷
422 1497 605 1595 diligenter
625 1498 776 1571 intendat
795 1522 1057 1592 mensurarum,
1087 1521 1174 1593 quas
1197 1521 1262 1568 su-

81 1638 141 1708 pra
163 1610 332 1705 diximuS,
360 1613 500 1686 modum
529 1628 562 1687 et
588 1640 705 1687 earum
733 1615 886 1686 notitiam
915 1613 1057 1688 habeat:
1085 1640 1130 1687 ne
1157 1615 1203 1686 sit
1228 1618 1263 1685 iu

84 1729 223 1802 arbitrio
258 1727 477 1823 libraturum,
517 1731 693 1803 interdum
730 1732 873 1805 maioris
911 1731 1050 1802 luminis
1090 1729 1275 1823 interdum

82 1846 243 1937 minoda,
281 1870 344 1940 pro
372 1847 484 1940 gratia
509 1871 756 1942 personarum„
793 1848 937 1918 calicem
969 1847 1130 1943 probare.
1183 1840 1262 1921 Sed

81 1985 144 2032 nec
186 1965 305 2033 statim
347 1960 390 2033 ab
435 1960 500 2034 hoc
538 1962 687 2036 liberum
726 1962 933 2036 subiiciendi
973 1953 1262 2057 qualemcumque

80 2076 277 2173 plumbeam
300 2075 454 2150 fistulam
479 2084 697 2175 permittatur
722 2080 919 2170 arbitrium,
951 2102 1075 2151 verum
1101 2075 1262 2150 eiusdem

78 2192 232 2283 luminu,
262 2216 329 2288 quo
357 2192 448 2264 calix
473 2199 637 2290 signatus
665 2205 735 2290 est,
770 2219 834 2291 per
858 2194 970 2291 pedes
997 2199 1259 2290 quinquagrnta‚

20 2384 22 2388 ,
80 2309 170 2380 sicut
196 2306 353 2382 Senatus
380 2310 561 2403 consulto,
591 2310 683 2405 quod
709 2311 904 2383 subiectum
932 2320 1005 2400 est,
1034 2323 1189 2382 cavetur.

155 2423 281 2512 Quod
326 2427 368 2514 Q.
407 2423 578 2499 Aelius
618 2426 824 2520 Tubero,
870 2426 1044 2498 Paulus
1080 2424 1258 2498 Fabius
1284 2416 1359 2493 106

80 2539 295 2612 Maximus
334 2539 470 2616 Coss.
516 2540 565 2614 V.
604 2541 668 2632 lu,
709 2541 921 2636 quosdam
957 2542 1166 2638 privatos
1205 2563 1259 2611 ex

80 2835 161 2887 ratur
183 2833 298 2903 tamen,
320 2824 417 2886 locum
440 2843 509 2886 esse
531 2826 621 2887 valde
644 2827 847 2907 deprevatum.
881 2826 996 2888 Etenim
1019 2825 1147 2886 utribus
1170 2823 1260 2884 codd.

79 2932 108 2986 ct
128 2926 151 2986 F
173 2927 260 2986 abest
279 2933 311 2986 ot
336 2928 421 2995 (ante
443 2925 560 3006 uturp),
588 2931 619 2988 et
640 2931 710 3006 post
731 2927 848 2988 modom
868 2927 1024 3006 pergitur:
1054 2933 1084 2986 et
1102 2927 1260 3005 posuimus

77 3029 212 3086 notitiam
232 3023 344 3086 iubeat
364 3022 426 3096 (cz
448 3034 478 3084 et
495 3031 660 3107 posuimus.
702 3026 854 3090 Notitiam
874 3024 961 3098 iub.)
982 3045 1014 3085 v.
1037 3025 1166 3086 Annott.

116 3129 147 3185 io
169 3125 275 3197 arbit.)
305 3124 335 3185 V
350 3123 391 3184 F:
415 3123 457 3185 ibi
477 3125 543 3186 urb.

115 3245 171 3287 nec
192 3234 232 3288 et.
253 3223 291 3284 ob
313 3223 387 3293 boc)
408 3223 475 3283 Pol.
499 3225 591 3285 edidit
611 3245 716 3306 neque.
743 3223 808 3285 Nos
832 3221 896 3285 GU
917 3223 1014 3284 secuti
1035 3241 1147 3284 santus.
1179 3219 1255 3281 VF:

76 3344 119 3384 ne.
165 3321 293 3386 Ceterae
327 3324 401 3386 cdd:
432 3342 526 3405 neque
556 3328 655 3384 statim
683 3323 792 3386 odiar.
833 3322 937 3384 lleinr.
967 3321 1096 3398 corrigit
1124 3318 1159 3381 oi
1187 3319 1256 3381 ioc.

75 3443 103 3483 r.
125 3423 253 3484 Annott.

111 3522 315 3603 permittatur]
342 3521 373 3582 V
388 3521 428 3584 F:
450 3525 634 3603 permittunt.
665 3520 791 3583 Ceterae
815 3522 889 3584 cdd:
909 3524 1073 3603 permittor.

112 3642 169 3702 per
188 3623 286 3703 pedes
307 3626 372 3705 qo.)
401 3620 447 3682 Ita
469 3619 494 3685 C
512 3619 555 3699 U,
578 3620 646 3683 Pol.
669 3628 700 3682 et
719 3623 918 3701 posteriores,
964 3621 1011 3682 V:
1036 3618 1190 3701 propedct
1207 3614 1293 3696 2³3⁶}

76 3723 115 3791 (i.
133 3740 161 3782 e.
185 3714 249 3798 12³,
279 3722 298 3783 i.
322 3739 349 3783 e.
371 3721 611 3801 quinquaginta).
654 3721 750 3781 Etiam
772 3722 941 3800 corruptius
965 3720 1003 3780 F:
1033 3718 1190 3802 propedit.
1212 3719 1253 3780 11.

73 3819 210 3902 lienique
231 3821 249 3881 J
271 3827 302 3883 et
320 3836 388 3882 ree:
409 3820 535 3882 eandem
558 3820 612 3894 [al.
634 3820 740 3893 eund.)
761 3820 935 3902 perpedita
957 3840 1005 3900 qn.
1027 3837 1126 3899 prope
1147 3818 1209 3882 det.

111 3920 291 3995 subiectum)
314 3921 389 3981 Edd.
406 3936 477 3982 ree:
500 3919 726 3983 subiicicudum.

111 4002 201 4091 (iood
223 4004 259 4094 (i
281 4005 405 4077 Aetius)
439 4004 468 4064 V
489 4004 531 4066 F:
564 4003 652 4095 Quod
673 4004 791 4064 Aelioa.
833 3998 878 4062 U:
908 4001 1000 4091 Quod
1018 4001 1055 4065 ΙΙ
1072 4001 1173 4065 Elios.
1216 4004 1252 4063 J:
1288 4018 1335 4070 106

73 4101 161 4189 Quod
184 4102 220 4192 Q.
242 4104 377 4165 Coelius.

109 4201 148 4264 R.
164 4202 196 4263 J.
215 4197 257 4280 C)
279 4203 309 4264 V
331 4206 361 4263 et
383 4203 450 4262 edd.
468 4219 535 4263 ree:
559 4203 597 4264 li.
617 4202 653 4264 U.
670 4202 703 4263 J.
721 4201 759 4278 C,
781 4202 810 4263 in
828 4202 935 4282 quihus
953 4202 984 4264 U
997 4205 1043 4263 est
1065 4202 1253 4278 „universi“.

72 4298 136 4361 iloc
158 4320 275 4382 (quoque
298 4303 328 4362 in
349 4300 384 4364 S.
395 4300 462 4363 cus
485 4304 632 4380 occurrit3
655 4302 709 4362 scd
730 4300 871 4361 meliores
891 4300 986 4361 libros
1008 4302 1130 4360 secutus
1151 4319 1226 4360 sum.

110 4421 148 4460 er
175 4409 252 4461 caet.
279 4399 445 4481 docerent)
473 4402 503 4463 V
524 4401 564 4464 F:
592 4422 632 4463 aa
658 4408 737 4462 eost.
761 4400 908 4484 publicio.
938 4399 1017 4481 (quod
1038 4398 1155 4476 recepit
1176 4396 1250 4459 Scir.

71 4495 111 4562 C:
134 4500 320 4564 docerentur.
