2978 4988
100 356 176 433 188
519 336 959 430 ANNO'l'A'l'lONblS.

102 594 191 673 ripor
206 591 288 651 aeria
310 584 466 669 difficilior
486 585 530 651 ad
547 586 657 666 siecum
672 607 730 649 aon
748 589 975 669 illacrimari,
997 585 1117 660 taxari,
1129 585 1192 647 ael
1207 587 1386 665 coarctare)

101 705 148 769 ad
169 703 322 787 formulae
347 700 550 776 modulorum,
582 706 633 784 pai
660 708 719 764 ete.
763 702 878 764 Sensus
907 706 938 764 et
966 702 1058 764 verba
1085 700 1251 780 praeclara.
1295 698 1385 762 Callx

102 820 180 883 enlm
202 819 395 894 excogitatus
416 816 537 878 videtur
556 818 593 878 ad
615 817 774 894 formulas,
804 817 928 878 subaudi
952 817 1117 893 neander,
1139 815 1190 878 vel
1210 815 1385 877 subeundas

101 932 283 997 modulorum
313 937 372 994 ete.
407 950 462 992 seu
488 934 650 994 secuudum
677 931 818 994 formulas
845 932 1047 1012 modulorum,
1081 937 1115 994 ut
1141 927 1177 992 τό
1207 931 1251 993 ad
1280 930 1332 992 vel
1359 931 1387 991 si

102 1049 241 1127 omittas,
270 1049 315 1109 sie
344 1065 379 1107 se
405 1048 516 1126 optime
543 1066 593 1108 res
620 1047 738 1111 habeat.
780 1047 853 1108 Nam
880 1048 1117 1125 subintelligitur
1137 1042 1228 1107 κατά.
1271 1047 1387 1110 Πυκνί

102 1166 200 1227 autern
226 1165 339 1223 rectum
366 1165 425 1224 est.
468 1163 513 1223 lin
534 1178 664 1224 sensus:
690 1162 791 1240 Rigor
810 1163 891 1224 aeris
913 1182 973 1224 non
996 1165 1115 1225 timetur
1136 1163 1232 1223 laxari
1256 1160 1307 1223 vel
1330 1179 1386 1222 eo-

102 1279 209 1341 areiari
236 1296 341 1358 posse.
386 1276 571 1342 CORRAD.
612 1279 719 1355 Lego:
756 1281 823 1341 Aeo
851 1282 1052 1359 excapitaturn
1079 1278 1216 1354 videtur,
1249 1281 1388 1359 moniam

101 1399 205 1475 ripere
225 1397 309 1454 aerio
331 1393 511 1474 difficiliore
532 1393 575 1454 ad
593 1394 703 1473 flauam
723 1413 784 1456 aori
805 1399 902 1456 timeri
920 1402 1025 1475 potest
1041 1394 1146 1455 lauari
1160 1393 1212 1455 cet
1229 1395 1388 1455 coarctari

100 1509 220 1590 soranae
241 1507 438 1571 modulorum.
479 1507 552 1571 Non
579 1513 677 1571 timeri
700 1520 821 1591 potest,
848 1508 1105 1590 impersonaliter,
1135 1513 1167 1570 ut
1187 1514 1327 1571 timetur:
1355 1527 1386 1567 v.

102 1623 234 1686 Foreell.
276 1622 403 1685 insolita
430 1627 527 1686 autern
556 1627 588 1686 et
613 1627 749 1687 cadentis
775 1624 899 1704 linguae
920 1626 1053 1686 iunctura
1075 1629 1122 1686 est
1143 1642 1208 1684 eum
1230 1622 1388 1684 infinitivis

102 1739 222 1815 mari,
245 1744 411 1800 coarctari.
434 1741 473 1800 ei.
495 1738 623 1801 Foreell.
648 1760 678 1800 v.
701 1746 762 1802 tim.
789 1741 965 1821 Deformis
985 1741 1227 1801 measure.
1256 1737 1386 1801 Foreell.

102 1855 135 1916 lu
166 1874 197 1916 v.
231 1856 300 1915 item
332 1856 470 1919 Brisson.
503 1855 619 1916 Savaro
652 1858 689 1917 ad
722 1856 829 1917 Sidon.
859 1858 957 1937 Epist.
978 1875 1009 1935 p.
1026 1860 1079 1917 36.
1121 1854 1260 1917 llElb'll.
1303 1853 1386 1914 Libri

102 1968 208 2050 scripti
237 1972 269 2030 et
295 1970 367 2032 editi
389 1989 465 2052 quos
488 1970 559 2031 noui
582 1985 702 2034 omues:
731 1976 816 2051 ripor
836 1977 921 2034 acria
943 1972 1118 2053 difficilior,
1147 1971 1207 2031 nisi
1229 1969 1310 2050 quod
1330 1987 1386 2048 pro

101 2088 186 2148 aera
206 2084 276 2146 VF
297 2088 362 2146 ciue
385 2085 447 2157 (sie
469 2085 594 2164 amplius
617 2084 769 2164 corrigere
793 2087 921 2148 debebat
942 2087 1072 2160 Heium).
1105 2087 1179 2147 Turn
1203 2087 1267 2147 tres
1288 2085 1385 2146 codd:

58 2218 61 2223 ·
102 2202 211 2262 timeri.
254 2201 342 2288 Quod
364 2204 533 2280 eormptum
556 2221 626 2262 esse
648 2203 748 2263 iudico
771 2222 812 2263 ex
834 2213 960 2277 temere,
988 2202 1067 2282 quod
1096 2200 1210 2280 legitur
1238 2201 1269 2261 iu
1298 2199 1385 2260 libris

103 2316 214 2393 oditis,
237 2319 269 2379 et
284 2320 367 2378 reete
384 2317 516 2378 restituit
537 2316 610 2378 Sub.
644 2317 744 2397 Saepe
761 2322 858 2378 autem
879 2327 988 2381 temere
1009 2319 1057 2378 est
1077 2312 1098 2378 i.
1115 2337 1146 2399 q.
1164 2314 1271 2393 laeile,
1293 2331 1386 2392 prae-

101 2414 206 2492 sertim
228 2431 327 2492 addita
347 2435 521 2510 negatione.
543 2453 576 2492 v.
597 2435 697 2495 Bromi
719 2434 756 2494 ad
777 2433 855 2512 Nep.
877 2433 975 2495 Attio.
992 2438 1049 2510 20,
1067 2436 1097 2492 2.
1119 2435 1151 2492 et
1171 2427 1333 2491 Foroellin.
1354 2430 1384 2490 in

103 2564 136 2607 v.
168 2545 307 2628 Denique
329 2546 417 2610 dv:
441 2551 597 2610 coarctari
614 2549 766 2628 formulae
786 2549 972 2610 modulomra
995 2553 1046 2630 pai
1060 2556 1132 2610 suat
1146 2566 1222 2607 omn.
1255 2544 1320 2605 Sed
1340 2541 1385 2605 C:

103 2666 253 2723 coartari.
291 2664 453 2725 Formulas
473 2660 552 2726 mod.
575 2670 606 2726 et
627 2666 705 2726 edd:
729 2670 895 2728 coarctari.
929 2665 1074 2726 Formuta
1094 2662 1175 2724 mod.
1196 2661 1385 2722 rectissime-

94 2794 163 2857 ‚que
191 2777 247 2838 iam
277 2778 351 2839 Sch.
382 2781 474 2839 verba
501 2780 665 2842 Formutae
692 2779 879 2842 modulorum
907 2780 944 2838 ad
973 2781 1143 2859 sequentem
1171 2776 1242 2838 Art.
1264 2777 1384 2853 reiecit,

103 2892 154 2952 uui
180 2892 217 2952 ad
243 2912 348 2953 novam
376 2913 436 2954 rem
465 2897 617 2954 transitur.
661 2895 740 2980 Quid
761 2889 876 2956 multa?
915 2894 1104 2954 Manifestum
1127 2895 1194 2970 est,
1222 2890 1385 2970 legendum

104 3009 137 3068 ei
163 3007 429 3087 interpungendum
458 3028 547 3086 esse,
576 3013 609 3070 ut
635 3027 693 3069 nos
717 3010 875 3070 edidimus.
917 3010 1047 3071 Lauare
1067 3012 1115 3069 est
1137 3008 1324 3085 extendere,
1354 3009 1385 3067 ut

102 3122 213 3186 deame
230 3124 345 3205 ferrura
369 3125 447 3187 Stat.
469 3125 584 3185 Aeluill.
608 3123 631 3184 l.
657 3128 725 3186 129.
769 3121 825 3185 Cui
848 3128 1008 3204 opponitur
1030 3135 1172 3185 coartare
1192 3124 1214 3183 l.
1237 3141 1266 3183 e.
1290 3140 1386 3184 ceau-

102 3244 239 3318 gustare.
281 3239 380 3321 liipor
401 3245 484 3303 aeris
505 3244 574 3301 nota
595 3239 735 3321 loquendi
759 3243 972 3302 consuetudine
995 3242 1103 3301 dicitur
1124 3255 1198 3318 pro:
1221 3257 1274 3299 aus
1298 3236 1338 3319 [i.
1356 3257 1385 3298 e.

103 3374 216 3418 aeneus
237 3357 388 3427 modulus)
412 3358 449 3418 ob
473 3359 626 3436 duritiem,
651 3377 709 3439 qua
729 3359 824 3417 uulnus
847 3362 894 3419 est
915 3357 1067 3433 flexibile,
1090 3375 1148 3417 uon
1170 3354 1259 3416 tuelle
1282 3358 1385 3432 potest

105 3489 202 3554 neque
229 3470 322 3532 laxari
351 3492 446 3554 neque
476 3472 614 3533 coartari.
656 3474 767 3536 liudem
794 3474 910 3534 ratione
936 3475 1006 3534 Art.
1024 3477 1082 3534 93:
1108 3473 1188 3551 [clia
1206 3476 1385 3552 proprietas

104 3605 204 3669 aquae
225 3621 264 3632 ——
287 3600 457 3670 arcpaatara
477 3623 518 3633 -
538 3599 721 3669 superatura
741 3623 782 3631 —-
803 3594 903 3650 veniet
922 3593 952 3651 ia
970 3589 1066 3650 locam
1083 3589 1230 3670 deformia
1248 3595 1386 3669 (aquae).

103 3704 173 3767 Aru.
190 3709 248 3764 35:
272 3705 456 3765 onerandam
477 3724 547 3766 esec
567 3709 777 3799 crepatioacm.
810 3705 879 3769 Art
893 3712 948 3767 12:
971 3709 1129 3768 siccitates
1150 3718 1272 3786 opereat
1292 3713 1386 3769 auai-

104 3821 157 3883 tio.
199 3818 267 3881 Art.
289 3825 344 3882 19:
367 3823 538 3901 respirante
557 3826 690 3883 rivorum
711 3841 814 3882 carru.

717 4024 768 4084 31.

186 4170 349 4234 Formatae
369 4172 568 4244 modulorum)
596 4171 710 4234 Vocem
728 4170 866 4252 formula
886 4168 1056 4245 significare
1077 4169 1136 4231 boe
1159 4172 1227 4235 loeo
1250 4176 1327 4236 idem
1350 4195 1385 4238 ao

104 4289 206 4370 forma
234 4286 357 4367 opinor,
386 4306 460 4367 (puae
488 4307 554 4349 vox
578 4288 680 4369 forma
704 4306 760 4368 pro
784 4286 891 4367 [istola
916 4284 1073 4366 aliquando
1100 4290 1323 4369 accipiebatur,
1352 4296 1385 4353 ut

105 4404 214 4466 dictum
235 4406 285 4465 est
305 4403 343 4463 sd
363 4404 432 4464 Art.
452 4406 487 4462 li
512 4405 685 4486 diceturque
707 4403 745 4465 ad
765 4401 859 4464 uerba
878 4401 997 4481 soranae
1018 4405 1148 4464 ricoram
1170 4402 1238 4468 Art.
1252 4412 1304 4468 75.
1346 4407 1386 4469 lit

105 4537 171 4580 aum
197 4518 338 4585 medulae
364 4517 521 4600 aliquando
547 4539 602 4600 pro
624 4521 692 4601 ipsa
711 4538 850 4582 amara
870 4521 1062 4596 usurparetur
1089 4521 1137 4590 (ut
1158 4523 1327 4584 notavimus
1348 4523 1386 4585 ad
