2978 4988
481 327 924 408 ANNO'I'A'I'IONES.
1268 324 1344 400 233

60 565 275 646 praecedentis
297 565 460 645 particulae
483 565 567 648 quasi
590 567 751 643 immemor,
774 565 1018 626 consuetudinem
1041 564 1190 626 scribendi
1212 565 1243 625 iu
1259 563 1345 642 legi-

58 682 117 742 bus
138 683 287 760 propriam
309 683 429 760 retinet,
451 699 584 762 pergens
607 700 671 743 cum
693 681 887 760 imperativis.
929 680 1066 743 Alterum
1090 680 1256 758 exemplum
1274 678 1344 740 mibi

61 801 109 858 cst
130 799 327 873 incognitum.
369 796 511 860 Attamen
534 797 640 859 reicrri
663 796 721 859 huc
742 814 837 876 posse
865 797 987 858 videtur
1014 796 1101 858 locus
1129 796 1207 858 Livii
1229 796 1268 860 V'.
1292 799 1343 872 15,

59 931 118 994 quo
140 913 340 992 praecedente
362 921 398 975 ut
415 915 555 994 pergitur
576 912 742 976 infinitivo:
765 911 821 974 su
842 912 929 974 libris
949 912 1101 993 fatalibus
1111 913 1255 974 traditum
1265 932 1344 990 esse,

61 1037 109 1106 ut,
140 1027 261 1110 quaudo
292 1048 374 1110 oquu
393 1028 517 1090 Albuaa
537 1028 737 1105 abundasset,
765 1038 841 1104 tum,
872 1032 902 1090 si
922 1048 988 1090 eum
1008 1027 1164 1089 Romuuus
1186 1033 1344 1106 emisisset,
1448 1101 1452 1109 ι

58 1147 220 1205 victorium
248 1144 288 1206 de
318 1143 489 1206 Veientibus
517 1144 596 1207 duri.
638 1146 697 1206 nisi
726 1151 760 1206 ut
781 1145 1023 1222 coniungendum
1052 1163 1116 1205 cum
1144 1143 1277 1226 quondo.
1311 1164 1343 1204 v.

42 1257 183 1318 'Duker
227 1259 422 1321 lleinriohius
443 1263 540 1322 autem
562 1262 634 1340 post
655 1265 701 1322 itu
721 1271 755 1323 ut
773 1260 905 1321 lacunam
928 1278 997 1321 esse
1019 1261 1134 1321 statuit.

141 1378 318 1437 terminatus
339 1378 474 1454 steterit)
515 1378 704 1438 Termiuotus
734 1377 811 1438 idem
834 1396 869 1438 ac
891 1378 1032 1439 terminus
1049 1375 1217 1454 significat,
1245 1377 1277 1437 ut
1305 1392 1345 1436 ex

58 1490 154 1550 variis
176 1491 348 1550 auctoribus
376 1491 506 1569 collegit
534 1493 585 1552 W.
609 1490 740 1563 Goesius
762 1493 792 1553 in
822 1490 885 1552 lnd.
908 1491 937 1552 in
959 1492 1017 1554 Rei
1047 1511 1146 1569 agrar.
1170 1492 1285 1570 scripti.
1307 1491 1344 1551 ad

58 1605 182 1666 verbum
205 1611 391 1667 terminatus.
435 1604 589 1668 Credibile
612 1611 709 1669 tanuen
726 1607 767 1686 fit,
790 1608 949 1688 proposita
970 1607 1065 1669 verba
1087 1605 1227 1669 translate
1244 1609 1345 1686 posita

59 1741 138 1798 esse,
160 1726 193 1783 ut
213 1741 268 1802 pro
292 1723 415 1784 termino
440 1723 548 1801 „locus
571 1722 776 1802 terminatur,“
794 1741 848 1784 seu
864 1725 1012 1803 „spatium
1030 1725 1162 1786 terminis
1179 1722 1344 1784 inclusum“

58 1837 261 1917 intelligatur:
289 1839 423 1899 nimirum
451 1841 578 1920 spatium
600 1839 748 1902 stantibus
770 1840 902 1901 terminis
924 1839 1090 1920 definitum,
1118 1840 1198 1921 quod
1219 1857 1344 1902 vacuum

59 1957 144 2016 esset
166 1954 392 2037 publicumque;
417 1956 658 2037 quemadmodum
681 1960 766 2018 erant
788 1957 942 2036 easpatia,
967 1954 1126 2037 dequibus
1148 1957 1178 2016 in
1189 1958 1343 2035 postremo

59 2088 99 2130 ex
120 2070 224 2158 relatis
246 2089 263 2130 a
284 2070 428 2132 Frontino
451 2071 580 2135 Senatus
602 2071 752 2134 consultis
774 2073 873 2133 luerat
894 2066 1099 2149 constitutum,
1122 2073 1265 2153 quaedam
1287 2091 1344 2134 va-

59 2203 114 2246 cua
135 2190 238 2265 patere
262 2186 368 2267 quinos
391 2187 485 2248 denos
505 2189 612 2268 pedes,
636 2189 778 2271 quaedam
800 2206 875 2249 vero
897 2188 993 2266 pedes
1015 2188 1133 2269 quinos.
1176 2186 1243 2246 Nisi
1267 2189 1344 2249 enim

58 2320 95 2364 ea
115 2302 210 2362 verba
239 2302 280 2362 ita
302 2301 546 2381 interpretemur,
575 2302 722 2383 quomedo
751 2304 907 2382 sequentia
935 2301 1028 2362 uerba
1050 2301 1205 2380 explicare
1230 2302 1344 2364 debea-

56 2437 142 2494 mus,
163 2416 253 2496 plane
281 2435 340 2477 non
365 2418 469 2481 video.
511 2417 602 2484 Pon.
643 2417 769 2497 Proprie
791 2421 875 2478 actus
898 2416 1087 2494 temrinandi,
1109 2436 1164 2496 pro
1188 2419 1255 2496 ipso
1278 2420 1343 2479 tcr-

56 2535 148 2594 mino.
170 2531 308 2594 HlllNll.
354 2533 404 2596 Gi.
426 2532 587 2597 Forccllin.
611 2536 640 2594 in
661 2554 692 2595 v.
715 2533 788 2596 Sci.
809 2532 880 2595 Vll.
904 2536 954 2594 20.
975 2530 1071 2610 legit:
1098 2536 1127 2594 si
1148 2540 1343 2614 quo-torrui-

57 2653 142 2710 notio
172 2647 426 2730 [Vermarlrungi.
469 2650 518 2710 Dc
549 2650 725 2727 integritate
751 2649 838 2710 vocis
867 2667 926 2710 non
948 2652 996 2710 est
1017 2648 1222 2727 dubitandum,
1245 2668 1342 2732 neque

56 2765 206 2827 hocloco
228 2783 325 2845 neque
347 2767 425 2826 inira
447 2768 595 2846 sequenti,
619 2767 704 2826 cuius
717 2764 965 2842 significationem
988 2769 1070 2826 recte
1088 2765 1264 2844 explanavit
1274 2767 1342 2829 Pol.

138 2902 175 2942 ue
197 2885 264 2962 quis
286 2886 362 2954 cto.)
393 2883 493 2944 Locus
515 2882 682 2943 simillimus
705 2884 734 2944 in
764 2882 837 2959 lege
864 2901 911 2961 ap.
935 2881 1026 2944 Goos.
1049 2902 1079 2961 p.
1102 2886 1180 2943 339:
1209 2903 1247 2944 ue
1276 2887 1344 2965 quis

56 3016 111 3060 ees
132 2997 238 3058 limites
259 2999 455 3060 Decrrmuoos
478 2998 614 3080 obsepire
622 3032 643 3075 ,·
658 3019 734 3062 neoc
754 3000 830 3082 quid
851 3003 882 3060 iu
903 3003 948 3060 eis
965 2999 1152 3073 immolitum,
1174 3020 1248 3060 neore
1270 3000 1345 3082 quid

56 3113 99 3176 ibi
118 3118 250 3196 positum
270 3114 379 3178 buboto
389 3159 400 3192 ,
429 3134 504 3177 nece
525 3135 578 3176 eos
601 3126 707 3192 eruto,
735 3136 811 3178 nece
832 3136 886 3176 eus
905 3116 1015 3195 fossus
1032 3116 1192 3193 obturato,
1214 3136 1252 3176 ue
1274 3121 1342 3198 quio

55 3234 164 3312 sepite,
187 3235 247 3291 etc.

138 3350 169 3406 iu
191 3365 226 3407 eo
250 3342 337 3426 loco]
360 3349 382 3407 i.
405 3367 432 3411 e.
456 3350 543 3410 ineo
567 3350 665 3428 spatio
689 3347 835 3425 stantibus
857 3347 990 3409 terminis
1014 3345 1156 3424 definito,
1187 3348 1266 3429 quod
1283 3367 1341 3408 va-
1434 3355 1440 3369 ’

56 3481 141 3523 cuum
163 3461 371 3544 publicumque
394 3482 463 3524 esse
486 3465 624 3526 debebat.
648 3463 737 3527 Pon.

137 3580 260 3651 molito)
283 3578 407 3640 Praetor
428 3584 548 3642 ceteros
570 3581 704 3642 Frontini
727 3571 905 3659 interpretes
929 3582 1047 3642 activae
1069 3582 1181 3639 iormac
1204 3581 1341 3657 patroci-

54 3697 160 3756 nantur
190 3695 305 3757 Dulrer.
331 3695 369 3756 ad
397 3694 464 3759 liv.
491 3696 637 3760 XXXIX.
660 3701 716 3774 44,
747 3700 776 3757 t.
807 3700 837 3758 et
863 3695 1022 3756 l'orcollin.
1053 3696 1081 3754 in
1108 3714 1161 3754 rr.
1192 3695 1281 3756 ructio
1311 3699 1342 3757 ct

54 3810 193 3891 obsepio.
235 3814 349 3890 llccte3
378 3809 451 3890 lege
473 3813 573 3889 modo,
595 3831 670 3895 quae
693 3813 819 3890 exponit
839 3810 1013 3872 Priscianus
1034 3810 1087 3875 lib.
1109 3809 1195 3872 Viri.
1217 3831 1247 3890 p.
1270 3816 1340 3876 291.

51 3927 147 3989 Basil.
171 3933 267 3990 1545:
304 3928 475 3991 Praeterea
501 3928 634 4010 plurimu
660 3931 852 3990 inveniuntur
880 3927 966 4010 opud
992 3931 1233 4003 vetustissimos,
1264 3948 1342 4010 quoe

55 4052 165 4104 contro
187 4047 430 4108 cousuetudinem
449 4046 500 4107 uel
521 4048 654 4106 uotiuum
674 4064 732 4126 pro
747 4049 878 4126 passiva
904 4043 1016 4105 babeat
1034 4048 1285 4119 terminationem,
1308 4053 1342 4105 ut

53 4193 97 4204 —-
118 4161 208 4221 ruolio
229 4180 287 4245 pro
309 4163 428 4237 molior,
452 4166 510 4224 etc.
548 4162 644 4224 Porro
666 4162 790 4222 uerbum
813 4179 948 4240 compos.
981 4160 1128 4222 demolire
1149 4162 1178 4221 in
1200 4158 1256 4220 lmc
1274 4161 1341 4238 ipsa

55 4276 128 4352 lege
150 4277 279 4338 admittit
294 4277 472 4357 Frontinus3
501 4281 589 4361 atquc
612 4278 708 4339 verbo
730 4279 831 4340 moliri
858 4276 1080 4356 significatione
1102 4275 1228 4356 passiva
1248 4276 1342 4335 utun-

54 4397 104 4455 tur
125 4390 287 4470 Apuleius,
309 4394 423 4455 Nonius
445 4399 494 4466 (u.
514 4394 674 4457 Forcellin.
698 4396 728 4456 in
750 4399 811 4467 m).
854 4392 997 4474 Explicat
1017 4391 1202 4454 l'orccllinus
1220 4391 1343 4471 „struit,

57 4506 231 4570 aedificate
273 4508 397 4589 illelius,
422 4512 540 4591 opinor,
564 4510 637 4573 Scir.
661 4509 881 4590 „auiu'erienf‘
