2978 4988
40 323 188 456 'rm

548 377 954 485 nnouarnus

214 617 344 711 perit,
380 613 562 690 sonanda
588 613 881 712 rumpendave
908 613 1148 706 curaverit,
1182 611 1389 710 peiora-'ve

214 731 387 824 iecerit,
425 736 671 826 quominus
699 753 773 802 ene
799 753 939 827 aquae
965 751 1167 802 earumve
1192 751 1390 831 quaeque
1459 747 1460 751 ’

213 850 252 916 in
279 847 422 919 urbem
444 842 619 920 Romam
645 851 727 941 ire,
756 843 931 938 eadere,
960 845 1117 937 fluere⁷
1138 844 1388 940 pervenire,

255 1144 322 1206 HS
344 1142 477 1225 centum]
499 1146 529 1208 V
550 1149 582 1207 et
603 1146 671 1208 edd.
694 1165 751 1207 om.
773 1144 810 1208 H
816 1145 849 1208 S.

252 1248 443 1316 terminatus)
471 1244 501 1306 V
516 1245 540 1307 F
556 1243 602 1306 0:
625 1253 655 1307 et
675 1254 757 1308 term.
789 1242 838 1307 Gt.
859 1245 988 1307 Annott.

255 1348 394 1418 steterit)
418 1342 534 1424 Opsop.
557 1346 699 1424 proponit
719 1348 865 1425 sepserit,
889 1343 1042 1405 damnante
1064 1341 1128 1405 Pol.

254 1462 291 1504 ae
313 1441 381 1524 quis
397 1476 433 1486 -
453 1449 546 1529 aeae)
576 1443 630 1506 Sic
652 1440 725 1505 Sch.
748 1448 780 1505 et
799 1441 904 1506 Heinr.
946 1441 1027 1504 Libri
1049 1456 1144 1524 aeque
1165 1445 1246 1525 qais,
1272 1448 1392 1523 practer

211 1541 282 1602 to
314 1547 345 1602 et
373 1543 419 1602 ed.
441 1560 486 1620 pr.
517 1545 546 1604 in
573 1543 681 1625 quibas
705 1562 813 1624 aeque.
856 1542 985 1604 Eaedem
1009 1542 1075 1603 edd.
1098 1541 1174 1624 iufra
1194 1545 1326 1605 seriae:
1355 1564 1393 1605 ae

170 1657 173 1666 ·
213 1645 242 1700 ia
265 1662 338 1702 eram.
382 1639 466 1702 Unde
493 1640 609 1721 Opsop.
633 1642 780 1718 corrigit:
808 1642 950 1723 oei'quis
970 1673 1011 1684 »-
1031 1645 1163 1717 teritos,
1190 1641 1241 1703 trel
1265 1645 1296 1703 in
1317 1664 1391 1707 eum.

212 1748 244 1800 ut
272 1741 321 1820 qut
350 1740 434 1800 aliam
465 1741 556 1802 totius
586 1741 703 1820 periodi
733 1743 984 1802 constructionem
1013 1739 1232 1818 introduxerit,
1260 1741 1392 1803 retinens

214 1837 422 1916 deprehensos
449 1842 478 1900 in
506 1840 553 1910 ed,
577 1859 632 1900 sua
657 1839 838 1901 indicativos
860 1845 1000 1921 apponit,
1028 1839 1128 1914 molit,
1156 1835 1290 1923 obsepit,
1315 1840 1390 1922 fipit,

212 1926 336 2014 statuit,
357 1943 458 2018 ponit,
482 1939 632 2014 collocat,
655 1947 743 2015 arat,
765 1942 841 2000 serit
861 1972 899 1981 -
922 1942 1059 1999 immittit.
1103 1938 1142 2000 111
1162 1934 1301 2018 proiecto
1325 1949 1390 2001 dm-

211 2055 265 2096 ncs
292 2036 359 2097 ttnrt
387 2039 491 2115 scripti
519 2038 650 2119 editique
677 2038 707 2098 iu
733 2035 782 2098 his
804 2037 977 2099 indicativis
999 2039 1213 2115 corrsentiunt3
1241 2057 1319 2120 qnos
1343 2043 1390 2100 in-

213 2138 311 2195 tactos
333 2135 498 2216 reliquere,
525 2138 604 2218 quod
627 2137 760 2213 mireris,
789 2137 876 2199 etiam
899 2124 959 2214 ipsi
981 2137 1114 2197 editores
1132 2155 1259 2216 omnes,
1286 2158 1390 2220 quarn-

210 2236 260 2294 vis
282 2234 311 2294 in
334 2235 473 2313 praeced.
496 2235 636 2314 legentes
657 2257 694 2297 ne
711 2240 778 2318 qais
793 2268 834 2278 —-
849 2243 941 2314 ¹rectae,
964 2221 1114 2318 usquead
1135 2235 1208 2297 Scir.
1226 2241 1258 2298 et
1272 2237 1389 2316 Heium,

210 2335 259 2414 qui
288 2334 373 2412 primi
402 2335 631 2401 adversantibus
658 2333 744 2396 libris
770 2339 854 2397 recte
881 2339 977 2396 tumen
1004 2353 1168 2415 reposuere
1196 2336 1390 2416 imperativos

210 2437 355 2516 opposito
378 2436 437 2495 etc.

250 2537 280 2594 ia
302 2553 337 2594 eo
360 2533 440 2603 doe.)
469 2533 632 2595 Vetedd.
657 2553 714 2594 om.
736 2540 779 2596 ia.
814 2614 816 2617 Ι
841 2554 843 2559 ’

251 2633 371 2705 madito]
398 2631 492 2693 Solus
515 2631 560 2697 U:
583 2635 713 2696 motitur.
743 2651 802 2715 quo
826 2636 900 2695 duee
923 2634 995 2695 Scir.
1020 2639 1050 2695 et
1072 2635 1177 2695 lleinr.
1200 2634 1306 2711 legunt
1326 2654 1391 2696 mo-

211 2731 289 2793 diter.
316 2750 347 2791 v.
369 2730 495 2792 Annott.
1266 2732 1268 2735 ’

251 2834 282 2889 in
303 2835 383 2903 eam]
414 2830 463 2890 Ex
490 2830 645 2892 detrec.
672 2830 738 2894 Pol.
764 2834 879 2911 recepit
907 2837 937 2893 ia
959 2853 1023 2893 eum
1044 2834 1163 2908 dacaru
1191 2834 1264 2895 Soh.
1287 2852 1390 2896 rursus

212 2930 303 2990 eiecit
324 2929 565 2989 additamentum.
609 2929 727 3009 Supra:
751 2935 837 2992 ia‘eo
861 2931 940 2994 ioco.

252 3047 354 3090 earum
373 3028 458 3107 fac.)
484 3025 587 3090 Codd:
610 3047 710 3089 earum
730 3030 941 3108 faciendarum
962 3032 1211 3113 reponendarum.

252 3147 364 3202 eausa,
388 3132 481 3208 qaae)
505 3125 592 3189 GU:
616 3147 730 3202 eausa,
750 3117 963 3212 praeierquam
983 3150 1061 3213 qaae
1081 3133 1170 3204 (sic).
1213 3131 1281 3194 Pol.
1295 3130 1392 3209 legit:

211 3227 523 3311 praeterquamquod
547 3230 595 3296 (ut
611 3226 676 3287 vuit
693 3229 808 3289 vidisse
826 3229 853 3290 in
872 3227 897 3291 C
914 3230 973 3304 U).
1003 3230 1082 3293 Scir:
1103 3241 1286 3313 praeterque
1302 3232 1390 3314 quod.

211 3329 306 3390 Etiam
330 3327 433 3388 Heinr.
452 3325 538 3389 vult:
558 3337 770 3409 praeterquam
792 3329 890 3411 qaod,
913 3330 966 3390 sed
989 3328 1040 3389 iiia
1058 3341 1271 3411 praeterquam
1292 3351 1392 3392 eor-am

210 3429 276 3508 fac.
298 3446 371 3507 ¹rep.
402 3444 497 3486 eausa
525 3427 627 3504 spuria
655 3442 723 3486 esse
752 3432 783 3489 et
810 3429 1064 3507 interpretationis
1093 3447 1184 3490 causa
1206 3431 1234 3490 in
1257 3432 1401 3506 margine

211 3517 330 3587 adiectu
349 3526 493 3585 iudicans.
536 3525 564 3586 V
582 3528 613 3586 et
630 3525 709 3587 edd:
729 3535 939 3610 praeterquam
961 3527 1089 3610 peridem.
1128 3526 1243 3606 Opsop.
1267 3529 1392 3610 deniquo

212 3626 410 3703 reponendum
435 3641 505 3684 esse
527 3624 671 3685 affirmat:
694 3645 807 3702 causa,
829 3647 908 3708 qaae
930 3627 1057 3709 quidem.
1080 3645 1164 3707 quem
1188 3644 1249 3702 ego
1271 3633 1393 3688 secatus

214 3739 293 3798 sura,
323 3723 440 3783 nirircto
471 3723 598 3804 quidem.
637 3723 772 3786 Alterum
794 3737 1006 3808 praeterquam
1027 3745 1042 3784 n
1065 3725 1185 3786 librario
1209 3731 1319 3787 temere
1342 3746 1393 3786 re-

213 3825 348 3902 petitum.
816 3812 818 3822 ’

255 3922 328 3982 auc.
358 3941 423 3981 eam
450 3925 579 4005 siremps
607 3927 684 3994 etc.)
731 3921 839 3986 Codd:
874 3933 906 3985 et
932 3924 1004 3986 adm
1034 3945 1097 3984 eum
1125 3929 1154 3986 si
1180 3945 1214 3988 re
1238 3923 1394 4005 publicam

215 4018 284 4100 (Ut
320 4023 371 4100 qui
397 4040 468 4081 rem.
489 4041 523 4101 p.
552 4022 599 4084 V:
634 4043 698 4083 eam
724 4021 828 4103 repit)
865 4043 903 4082 eu
931 4026 1014 4083 iussa
1043 4044 1205 4105 errasaqae.
1236 4023 1327 4084 uto:
1365 4034 1395 4084 et

215 4121 289 4181 aria.
311 4139 348 4180 ea
366 4123 513 4199 repserit,
536 4141 575 4182 ee
587 4109 678 4183 ¹iussu
701 4142 787 4182 caus.
817 4122 976 4203 Postquam
994 4121 1394 4201 SorriigerndFest.p.189

217 4218 367 4298 desperati
395 4216 454 4278 loci
478 4220 617 4281 tenebras
639 4222 771 4282 feliciter
792 4219 916 4298 dispulit
937 4220 1071 4300 vincsque
1093 4222 1128 4281 nd
1152 4221 1247 4281 lucent
1270 4223 1394 4282 munivit

219 4318 399 4392 corrigendo
426 4321 573 4400 sirempse
600 4321 652 4381 dea
678 4325 727 4380 ias
755 4339 859 4394 cares,
889 4319 947 4377 viri
976 4321 1056 4402 docti
1088 4320 1228 4399 tttpsop.
1259 4320 1392 4384 Scriver.

218 4416 372 4478 Kotradon.
401 4416 560 4479 Forcoliin.
591 4440 621 4482 v.
644 4424 787 4499 siremps,
815 4416 883 4477 Pol.
907 4415 978 4478 Scir.
1003 4419 1123 4490 ticina]
1146 4421 1279 4480 certatim
1301 4423 1392 4480 resti-

219 4522 322 4576 tuere:
353 4524 381 4574 et
409 4516 480 4578 asir.
511 4540 575 4580 eram
601 4523 728 4598 siremps
755 4516 821 4592 lea,
852 4519 899 4575 ias
929 4530 1030 4580 caus:
1064 4519 1091 4577 in
1123 4519 1230 4599 quibas
1257 4520 1391 4579 Brisson.
