2978 4988
557 315 883 396 Pnnnnanlo.
1231 316 1374 397 xxix

86 549 140 624 de
177 547 567 646 ⁴&quaednctibas
604 549 735 626 urbis·
770 550 942 623 Romae
981 546 1372 644 Commentarius,

81 683 305 785 ,antiquae
330 680 443 756 sidat
470 682 743 778 restitutus,
779 693 915 779 atque
941 681 1212 780 explicatus
1237 703 1376 778 opens

80 827 132 889 et
167 811 325 887 studio
357 812 757 889 JoannisPoleni.
808 814 965 889 Patav.
1002 809 1114 888 1722.
1154 810 1271 911 apud
1306 812 1376 889 Ja.

87 944 278 1021 Maniae
343 943 449 1039 Quae
474 945 625 1044 repetita
658 945 766 1024 editio
791 960 848 1020 est
872 970 927 1021 an.
953 942 1064 1020 1732.
1115 943 1241 1019 'frium
1274 942 1376 1021 eodi-

87 1102 172 1152 caan
194 1060 255 1176 (G
284 1076 318 1156 U
344 1089 381 1153 et
403 1077 467 1175 V)
505 1077 764 1176 editionumque
789 1103 898 1176 snpra
924 1079 1201 1176 percensitarum
1227 1076 1380 1155 omniurn

88 1211 222 1295 anxilio
260 1234 388 1286 novam
425 1211 586 1310 vulgavit
622 1208 820 1307 editionem,
866 1223 903 1286 et
939 1209 985 1284 ad
1021 1207 1238 1309 diligentiam
1276 1207 1382 1285 etad

32 1362 42 1379 ·
88 1343 281 1418 doctrinam
315 1337 502 1441 iudiciique
534 1344 780 1440 maturitatem,
820 1367 891 1441 pro
932 1343 1101 1439 temporis
1135 1341 1230 1416 illius
1263 1352 1402 1441 captu,-

88 1476 181 1551 omni
208 1475 312 1550 laude
337 1474 593 1573 dignissimam.
644 1475 726 1552 Viri
760 1473 955 1549 doctissimi
989 1481 1113 1548 merita
1139 1497 1321 1572 exponere
1346 1484 1383 1551 et

90 1609 137 1682 ob
168 1608 337 1682 materiae
370 1605 608 1683 diversitatem
639 1608 784 1706 longum
820 1620 887 1703 est,
937 1617 1054 1683 etex
1087 1607 1219 1682 nostris
1252 1606 1384 1683 sumta

88 1739 321 1840 comparebit
373 1737 594 1818 Schultzius.
608 1763 677 1826 non
703 1742 789 1816 tanti
817 1722 1021 1829 aestimauit
1045 1740 1230 1837 Polennm,
1264 1740 1386 1838 amati

87 1872 254 1949 debebat.
303 1869 528 1972 Saepissime
553 1872 693 1969 quidem
718 1878 983 1971 erravitatque
1007 1872 1193 1948 err-multis
1207 1872 1384 1948 discrimi-

90 2004 197 2081 nibus
221 2028 266 2081 se
291 2004 464 2106 expedire
495 2029 565 2081 non
598 2004 724 2104 potuit,
763 2005 931 2081 videlicet
946 2043 949 2048 ·
962 2006 1136 2104 magister
1166 1990 1384 2102 matheseos,

89 2138 235 2238 linguae
266 2148 386 2213 antmn
418 2135 549 2213 latinae
575 2149 612 2212 et
637 2138 735 2213 artis.
749 2137 1002 2237 grammaticae
1028 2138 1242 2235 criticaeqne
1256 2138 1386 2236 -legrhr

89 2273 208 2347 minas
242 2269 401 2372 peritus·
439 2268 498 2345 At
535 2270 567 2343 si
605 2275 686 2367 quis
712 2294 806 2348 nunc
835 2282 972 2347 marm
995 2270 1384 2369 superarit-Poienum,

91 2417 261 2504 quantam
285 2402 445 2478 Polenus
479 2403 694 2501 superiores
716 2402 884 2478 editores
923 2408 1211 2500 interpretesqne
1249 2427 1385 2500 omnes,

89 2537 262 2613 Frontino
296 2532 504 2610 illustrando
539 2545 577 2609 et
602 2533 826 2611 emendando
861 2532 953 2607 haud
979 2534 1162 2609 ita-muita
1188 2558 1386 2634 superesse

90 2645 215 2753 samur.
284 2667 550 2744 Acerbiesime·
579 2670 615 2741 in
641 2724 644 2731 ·
666 2667 840 2744 Polenum
879 2666 1125 2743 animadvertit
1153 2665 1385 2747 Genaunes

88 2800 136 2877 de
159 2800 273 2896 Attio,
312 2800 415 2874 cuius
448 2798 594 2874 criticae
619 2804 655 2874 in
679 2798 897 2875 difficiliores
923 2800 1081 2876 Frontini
1106 2800 1210 2875 locos
1234 2810 1383 2877 annom-

89 2938 216 3009 tiones·
233 2932 400 3033 leguntur
424 2931 459 3004 in
472 2930 650 3008 editione·
663 2930 804 3030 Adleri,
828 2956 922 3030 quae
947 2932 1079 3031 prodiit
1087 2931 1384 3013 Attanae-nm

87 3065 167 3144 na.
186 3087 258 3164 qno
293 3063 437 3163 insigne
473 3075 546 3139 est
571 3065 809 3140 testimonium
848 3062 1030 3163 Scipionis
1055 3065 1189 3163 Matiei,
1228 3064 1383 3165 apud-J.

88 3196 284 3276 Schrader.
317 3196 353 3272 in
382 3195 481 3280 dibro
505 3195 714 3272 Emendate.
747 3221 781 3296 p.
806 3193 843 3292 5,
883 3196 944 3271 nbi
969 3195 1108 3293 homini
1144 3197 1236 3273 inter
1261 3199 1382 3277 mata

86 3328 212 3407 deliria
244 3341 362 3411 manen
395 3326 568 3428 quaedam
592 3328 724 3428 ingenii
749 3329 878 3406 lumina
903 3327 1078 3405 coneedit
1128 3325 1188 3407 Os.
1228 3327 1382 3411 senatu

88 3462 249 3545 limatae
289 3515 294 3525 -
366 3520 369 3526 -
1124 3500 1127 3507 ·
1217 3524 1233 3531 ..
1260 3518 1265 3527 .
1361 3504 1365 3511 ·

188 3595 419 3671 Posteriores
445 3593 616 3671 editiones
655 3618 778 3670 omnes
815 3605 952 3670 textum
978 3594 1104 3669 Poleni
1143 3597 1377 3693 repetierunt:

88 3736 138 3801 v.'
164 3751 201 3825 g.
237 3750 330 3826 quae
365 3727 510 3828 Biponti
546 3726 676 3828 prodiit
713 3751 768 3817 an.
806 3724 925 3819 17883
976 3727 1060 3802 item
1085 3726 1378 3825 adamatus

89 3856 202 3935 lota
227 3860 285 3936 cni
309 3858 490 3961 adspersit
514 3861 628 3937 editor
652 3858 842 3960 decerptas
868 3858 1037 3956 quasdam
1058 3860 1184 3936 Paleni
1205 3860 1379 3937 aiiorum·

88 4015 161 4089 qne
186 3992 245 4091 (v.
270 4014 308 4092 g.
332 3991 532 4092 donadini,
560 3992 771 4095 Opsopoei)
802 4004 906 4067 notas
931 4017 1000 4069 una
1026 4017 1107 4068 enan
1130 3995 1228 4068 suist
1263 3995 1379 4094 ipsine

87 4137 208 4200 tamen
232 4123 360 4202 Adleri
392 4126 534 4203 notulae
565 4132 629 4203 vix
661 4139 746 4201 sunt
770 4138 965 4201 memoratu
989 4124 1129 4225 dignae.
1182 4124 1287 4218 Onne
1310 4150 1377 4203 ser·

88 4269 244 4354 quantur
268 4257 358 4334 dnae
383 4258 567 4355 editiones,
601 4258 721 4334 itidem
746 4284 792 4334 ex
816 4258 944 4335 Poieni
969 4257 1024 4333 ed.
1050 4260 1234 4357 repetitae,
1261 4261 1379 4336 contia-

88 4402 176 4464 nent
207 4394 319 4466 etiam
356 4394 569 4483 versionem,
608 4416 678 4466 una
704 4392 876 4488 Italicam,
917 4392 1028 4466 altera
1056 4389 1240 4467 Gallicam.
1299 4392 1381 4472 Una

88 4533 170 4598 eat:
198 4519 538 4603 Commentario
564 4524 607 4602 di
633 4522 785 4605 Sesto
812 4521 1236 4621 monaſtrant-ino,
1265 4525 1384 4626 degli
