2978 4988
130 359 206 437 roo
526 334 985 433 'nmmuunmunns

130 596 227 660 duero
257 593 390 668 videtur3
423 591 467 651 rei
493 590 589 665 magis
616 589 838 651 accommodata
866 599 914 652 est
940 593 1146 668 interpretatio
1174 589 1301 656 Poleni:
1335 612 1406 672 „me
1480 607 1483 614 ’

129 707 209 773 uelle
232 706 404 770 describere
425 705 569 783 maiores,
593 723 676 787 quam
698 722 805 784 reapse
827 705 904 785 sint,
926 724 1078 767 mensuras
1100 708 1273 787 quantitatis
1297 709 1406 770 suae.“

128 823 376 914 Quemadmodum
399 822 476 882 enim
497 838 553 881 nou
574 821 739 900 pictorem,
770 823 821 903 qui
842 822 970 884 nativam
991 794 1115 883 alicuius
1137 825 1181 884 rei
1203 824 1308 884 faciem
1331 824 1407 885 ultra

126 944 257 1006 naturam
280 936 399 1000 extollit
420 941 451 999 et
471 937 624 1016 pingendo
647 936 746 998 reddit
766 935 965 1017 pulchriorem
988 942 1018 1000 et
1040 937 1304 1019 excellentiorem,
1332 940 1407 1001 inra-

125 1056 192 1137 ginl
213 1072 286 1116 suae
308 1053 435 1116 blandiri
459 1050 572 1133 (,‚dem
594 1050 682 1113 Bilde
704 1048 957 1132 sclrmeiolreln“]
980 1053 1121 1131 dicimns3
1144 1056 1186 1116 ita
1207 1057 1287 1135 apud
1310 1055 1408 1118 Fron-

126 1173 236 1250 tlnnm,
268 1170 318 1254 qul
345 1168 568 1251 aequisItionum
596 1185 749 1230 mensuras
777 1187 868 1247 snpra
893 1170 1052 1230 veritatem
1080 1169 1229 1249 adauget,
1259 1175 1407 1233 mensuris

124 1286 286 1352 blanditur.
328 1285 442 1347 Eodem
463 1287 552 1364 poeto
573 1284 701 1345 blandiri
723 1284 866 1364 dicimus,
895 1286 963 1366 qui,
991 1286 1070 1366 quod
1092 1283 1194 1346 melum
1218 1289 1284 1366 est,
1314 1287 1407 1349 ‹lissi-

126 1403 236 1469 mulare
267 1407 298 1466 et
327 1402 472 1478 obtegere
501 1399 623 1478 studet,
654 1420 687 1462 v.
709 1419 743 1478 g.
765 1401 850 1463 vitiis
872 1402 936 1461 suis
957 1399 1123 1479 blanditur,
1152 1404 1202 1482 qni
1224 1421 1261 1463 ee
1282 1409 1408 1464 excusat

124 1524 177 1585 eut
203 1521 343 1583 attenuat.
374 1536 406 1577 u.
439 1514 579 1597 Spiegel.
611 1516 633 1582 l.
660 1536 688 1578 e.
710 1551 750 1562 -
792 1516 841 1579 De
868 1519 1103 1600 acquisitionum
1126 1523 1284 1583 mensuris.
1311 1539 1343 1583 u.
1372 1520 1408 1580 ud

124 1638 194 1703 mu
217 1640 266 1699 aa.

205 1753 282 1816 adeo
304 1751 455 1821 Curtium)
487 1751 604 1826 lunge:
632 1749 709 1812 euleu
736 1749 893 1827 sustinere,
921 1753 964 1811 ut.
1007 1750 1056 1811 lle
1077 1750 1195 1811 nomine
1218 1751 1351 1812 Caerulo
1377 1768 1407 1814 v.

121 1870 162 1933 ad
181 1869 251 1935 Art.
270 1871 318 1930 ll.

203 1983 276 2050 Neo
303 2001 338 2044 eo
365 1982 504 2063 inficiae,
534 1986 604 2065 quia
624 2016 664 2027 —
686 1989 767 2056 aon)
797 1983 843 2045 lln
864 1981 987 2045 alterum
1009 1985 1041 2044 et
1062 1984 1211 2066 antiquius
1234 1983 1404 2063 exemplum

123 2099 222 2168 Caelii
243 2099 341 2179 Epist.
361 2102 398 2160 14
420 2098 458 2159 ad
474 2096 669 2162 Ciceronem:
691 2099 776 2162 illud
797 2108 827 2161 te
845 2118 905 2161 nou
925 2098 1059 2162 arbitror
1073 2100 1199 2180 supere,
1222 2102 1293 2182 quio
1309 2100 1408 2161 lomi·

121 2236 177 2283 noo
197 2249 237 2261 -
260 2213 389 2276 deleant
417 2217 476 2275 etc.
518 2213 651 2276 Tertium
674 2216 849 2303 Quintilian.
874 2220 925 2295 12,
948 2217 979 2293 i,
1002 2219 1038 2279 8:
1067 2214 1151 2280 Nom
1179 2221 1246 2299 quie
1273 2220 1408 2296 iquorot,

122 2338 194 2418 quin
208 2324 278 2392 -ἕ
319 2330 370 2390 uhi
398 2330 464 2391 sine
493 2329 642 2411 exemplis
669 2333 780 2394 frustra
805 2331 943 2393 laborant
972 2329 1075 2411 Spald.
1100 2336 1131 2393 et
1150 2332 1263 2394 Buttm.
1285 2332 1407 2394 Terent

121 2448 240 2515 riom.
261 2451 292 2523 5,
314 2448 343 2523 9,
366 2448 416 2507 26.
439 2445 466 2507 si
487 2445 631 2509 Faernum
654 2451 685 2511 et
704 2447 805 2511 Bentl.
828 2449 989 2530 sequimur.
1020 2447 1131 2509 Verum
1153 2449 1211 2509 ista
1233 2449 1409 2526 interregn-

122 2566 167 2631 no
187 2566 258 2626 est:
287 2560 344 2624 Sei
364 2582 402 2624 ea
424 2567 495 2646 quin
518 2561 562 2645 [i.
584 2582 636 2625 our
657 2559 735 2645 non]
757 2568 800 2626 sit
819 2556 1030 2645 a’paoseendu?
1057 2563 1107 2624 ubi
1129 2562 1203 2624 nihil
1226 2567 1275 2624 est
1295 2565 1409 2625 rectius

122 2681 272 2745 eeulunct.
294 2676 394 2739 modo.
437 2678 472 2741 In
493 2679 557 2741 illis
580 2681 674 2743 trihus
697 2680 846 2761 exemplis
868 2683 938 2763 quia
958 2678 1043 2739 velot
1065 2679 1170 2760 „quod
1190 2679 1295 2758 non“,
1322 2679 1410 2741 addi-

120 2800 240 2878 tumque
263 2796 311 2854 est
332 2793 455 2856 alterum
477 2816 553 2872 non,
575 2798 701 2876 perinde
723 2800 756 2858 ut
777 2795 894 2859 Graeci.
936 2792 1041 2870 Bergl.
1063 2795 1100 2855 ad
1121 2795 1264 2875 Aleiplrr.
1286 2816 1318 2875 p.
1337 2801 1409 2858 215.

118 2910 230 2977 uncum.
253 2909 291 2969 od
311 2907 435 2970 Midian.
455 2912 583 2976 Excurs.
600 2910 658 2976 ΧΙ.
686 2909 811 2975 Schaei.
833 2909 916 2991 App.
937 2911 1026 2972 Dum.
1044 2908 1098 2970 lv.
1121 2931 1152 2991 p.
1171 2915 1240 2975 164.
1266 2911 1408 2974 HlllNR.

204 3029 367 3106 capiuntur
393 3029 469 3087 euim
498 3047 536 3088 ea
556 3030 653 3106 Auq.)
683 3025 756 3091 Solu.
786 3026 933 3106 „geinsst
960 3025 1089 3088 nimllch
1115 3027 1238 3088 werden
1267 3028 1313 3088 nie
1344 3026 1410 3110 (illi

120 3142 237 3215 fontes)
256 3159 309 3202 eus
327 3143 381 3203 der
396 3142 573 3220 Augusta“.
597 3143 682 3230 Quae
698 3142 905 3222 interpretatio
924 3142 1100 3203 adversatur
1116 3143 1173 3222 iis,
1196 3144 1410 3224 quaeArt.1i

122 3255 286 3322 emuntur.
318 3256 422 3322 Debet
444 3263 610 3341 cupiuntur
630 3259 739 3320 referri
761 3259 799 3321 ad
819 3261 986 3342 superflua.

738 3459 790 3518 ³3.

205 3604 288 3667 Anto
308 3603 420 3669 ludere
440 3641 481 3651 --
499 3606 691 3689 ponebatur)
720 3605 801 3668 Note
824 3607 1077 3671 constructionem
1098 3607 1298 3688 personalem.

208 3738 334 3805 quorum
354 3726 498 3806 acquisit.
520 3742 567 3786 me
587 3742 647 3785 noa
668 3722 760 3785 auide
781 3721 945 3805 amplecti)
966 3723 1101 3803 Respice
1122 3721 1192 3785 Art.
1206 3725 1264 3786 12:
1287 3745 1333 3786 me
1354 3744 1411 3786 ue-

126 3841 317 3924 quiuitiuuum
344 3843 491 3902 mensuris
518 3838 652 3902 itanum·
657 3883 668 3916 ,
698 3840 719 3904 i.
742 3858 769 3904 e.
799 3858 846 3901 me
875 3839 1001 3902 blandiri
1029 3841 1175 3902 mensuris
1202 3840 1411 3920 acquisitarum

128 3974 182 4016 seu
206 3952 398 4016 collectarum
418 3957 457 4018 ad
478 3957 567 4036 caput
589 3973 738 4037 aquarum.
781 3954 911 4017 llandem
934 3956 1110 4018 sententiam
1130 3955 1258 4017 reddere
1280 3954 1330 4017 hie
1351 3975 1412 4018 vo-

128 4070 185 4133 luit
210 4069 389 4149 Frontinus,
417 4072 513 4134 hauet
540 4089 587 4131 me
614 4074 842 4153 acquisitionum
866 4073 1012 4133 mensuris
1034 4089 1094 4132 non
1114 4070 1252 4132 voluisse
1273 4070 1411 4132 blandiri.

129 4185 193 4249 Sed
213 4187 345 4247 reddidit
365 4186 455 4267 poulo
478 4186 545 4247 eliis
566 4189 689 4266 verbis,
711 4206 786 4271 quae
808 4189 855 4250 sie
877 4186 1057 4266 explicanda
1077 4189 1164 4248 sunt:
1192 4185 1348 4249 collectam
1371 4187 1412 4247 il-

129 4298 186 4362 lum
207 4303 404 4384 quinctianum
426 4307 508 4364 4128
529 4306 644 4383 copiam
666 4321 713 4365 me
735 4303 800 4365 sine
822 4304 867 4365 ira
889 4305 921 4365 et
941 4304 1041 4366 studio
1065 4302 1335 4382 comprehendere,
1367 4320 1412 4363 mu

131 4434 191 4479 non
217 4417 347 4480 libenter
368 4419 494 4502 dataque
518 4437 610 4500 opera
631 4417 885 4499 comprehendere
906 4419 1056 4483 maiorem.
1097 4417 1174 4481 Non
1195 4417 1306 4498 auide,
1332 4415 1412 4481 nieht

129 4551 186 4597 aus
206 4532 438 4617 Leideusclmlt,
459 4534 545 4602 nicht
564 4556 618 4600 uus
638 4533 750 4615 irgeud
770 4535 866 4605 einen
887 4537 1030 4601 uureineu
1050 4533 1181 4601 lllotive.
