2978 4988
365 312 369 320 ’
429 315 501 394 ΒΕ
534 314 726 413 ΑΟΗΑΕ
763 314 1045 410 bocularis.
1329 318 1381 395 65

98 566 170 638 tino
201 562 368 660 accipiat,
401 572 566 658 quantum
594 566 730 658 aquarii
759 569 1054 660 temperaverunt.
1104 549 1283 625 Alsietina

99 689 225 778 erogat
249 677 426 776 quinarias
455 675 691 756 cccxcll.

198 791 362 882 Claudia,
390 792 618 868 abundantior
644 794 732 887 aliie,
772 797 924 866 maxime
949 790 1096 901 inipriae
1123 784 1284 881 exposita
1308 780 1360 854 72

100 921 168 985 est.
194 910 235 986 In
250 910 509 985 commentariis
523 908 627 984 babet
639 935 708 984 non
722 909 802 1008 plus
817 907 984 1004 quinariis
999 899 1283 988 lanceola}

119 1134 341 1151 m

101 1270 216 1334 barino.
239 1271 323 1361 Quae
340 1274 523 1355 supplevere
544 1273 610 1338 Pol.
632 1278 664 1338 et
685 1272 771 1353 Sob,
792 1274 960 1364 sententiae
982 1272 1100 1354 quidem
1122 1267 1287 1344 sut'fioinnt3

99 1371 155 1431 sed
182 1390 269 1453 quum
298 1375 328 1436 iu
349 1373 423 1437 Vb*
449 1375 615 1454 reperiatur
643 1377 779 1456 concipit
806 1376 860 1445 [v.
883 1377 1011 1452 supra),
1049 1371 1081 1430 et
1116 1368 1240 1428 verbum
1271 1382 1290 1424 a

99 1469 237 1532 Frontini
258 1480 344 1534 mann
367 1473 533 1553 proiectum
555 1474 743 1551 investigare
766 1472 863 1534 divIni
884 1474 926 1535 sit
948 1470 1082 1563 ingenii,
1106 1463 1178 1531 Sob.
1201 1465 1289 1546 sequi

101 1569 198 1629 visum
221 1573 280 1632 est

110 1675 114 1684 ’
150 1683 308 1755 Alsietina
328 1684 407 1764 eto.)
428 1684 456 1748 U
475 1685 550 1748 baec
571 1692 723 1766 postrema
745 1687 839 1747 rcrba
860 1706 917 1748 om.
1117 1766 1120 1771 ,

146 1799 295 1870 Ctaudia)
319 1799 400 1861 Libri
423 1805 559 1880 (practer
581 1803 622 1874 C)
646 1805 809 1866 Claudiae.
975 1846 977 1857 .
1324 1811 1357 1864 72

149 1919 276 1976 naariae
295 1919 440 1990 iniuriae)
462 1917 496 1982 J:
519 1922 677 1993 marimac,
700 1919 847 1996 probante
869 1916 942 1978 Scb.
973 1915 1016 1977 U:
1046 1919 1077 1976 ia
1094 1917 1170 1977 iare.
1192 1909 1291 1973 Vtin

101 2019 168 2076 iare
189 2019 329 2096 exposito
353 2020 385 2077 ia
410 2036 485 2077 com.
507 2018 625 2079 DCCC.
655 2017 799 2078 11111111
816 2017 859 2078 ari
877 2036 948 2097 cap.
967 2017 1117 2076 iaceacrii
1132 2016 1213 2095 qaia.
1249 2011 1290 2076 F:

100 2117 131 2174 in
150 2117 216 2175 iure
231 2117 372 2196 exposito
394 2119 425 2177 ia
444 2136 518 2177 com.
538 2118 630 2181 Dec.
648 2125 745 2178 taram
763 2117 807 2177 ad
826 2136 898 2198 cap.
917 2119 1068 2177 inuenitur
1089 2117 1171 2196 pain.

142 2233 277 2310 arramire
297 2237 390 2304 com.)
412 2229 437 2293 C
461 2252 518 2294 orn.
540 2237 582 2295 ia.

106 2390 110 2397 .
142 2345 232 2406 Adeo
248 2355 347 2406 arrtcm
369 2350 445 2418 cto.)
468 2347 512 2411 C:
537 2347 656 2408 duabus
675 2390 794 2410 .....
819 2347 898 2409 adeo
917 2357 1016 2409 autem
1034 2352 1129 2406 nostr.
1148 2388 1157 2406 .
1177 2391 1185 2408 .
1204 2390 1212 2408 .
1231 2348 1291 2405 tior

100 2454 149 2503 eat
165 2464 257 2505 aucae.
301 2445 344 2508 V:
366 2445 455 2506 Adeo
473 2455 507 2507 at
525 2452 636 2508 certior
653 2466 745 2509 meaa.
788 2447 827 2515 F:
850 2446 928 2508 arico
956 2450 1069 2507 certior
1088 2462 1227 2506 mensura
1249 2447 1292 2503 sit

98 2544 144 2604 ori
169 2542 235 2605 Vn.

142 2667 173 2719 et
197 2679 236 2722 ea
254 2659 337 2729 tea.)
360 2659 386 2722 U
407 2660 436 2722 V
457 2660 481 2722 F
501 2680 560 2722 orn.
584 2669 624 2726 ct.

143 2773 271 2858 ideoque
286 2779 371 2847 mia.)
392 2778 436 2840 Bt
458 2777 527 2839 idco
549 2777 630 2861 qaorl
647 2781 717 2842 mia.
738 2777 769 2841 V
790 2779 828 2842 F:
851 2760 953 2860 iroq‘ae
972 2783 1039 2838 min.
1063 2781 1123 2839 iac.
1143 2780 1233 2858 pransi
1254 2795 1290 2838 rc
1321 2762 1327 2768 ⁸

100 2893 188 2933 cera.
230 2875 306 2936 Mox
327 2877 345 2937 J
368 2882 398 2938 et
420 2875 486 2939 rba:
512 2878 653 2940 debcant.

143 2975 237 3034 (troo
250 2992 333 3052 croy.
354 2985 453 3037 autem
470 2977 577 3055 fraus)
621 2978 666 3040 Et
696 2982 782 3040 circa
812 2980 1015 3058 craparioaem
1034 2977 1214 3056 aeplipcntio
1234 2985 1288 3037 aut

97 3073 202 3152 fraus.
246 3073 313 3133 Art.
337 3062 415 3136 105:
435 3060 646 3156 neptiyeatiam
666 3088 720 3137 aut
735 3076 889 3155 fraudem.
916 3075 985 3139 Art.
1007 3081 1064 3139 87:
1087 3084 1141 3136 arat
1157 3075 1284 3154 srarub'-

101 3172 157 3232 bur
178 3181 233 3234 aar
256 3175 377 3234 iacrtia.
399 3172 443 3236 At
464 3178 600 3254 proxime
621 3174 688 3237 Art.
712 3179 768 3238 15:
789 3175 882 3255 fraus
901 3179 1104 3258 aquariorum.
1129 3173 1284 3237 ,flatura

99 3272 168 3334 Poi.
191 3290 229 3330 ex
245 3268 265 3330 J
281 3275 313 3333 et
333 3290 400 3337 rec:
443 3274 487 3335 Et
511 3280 595 3335 circa
616 3277 819 3354 arcuationem
828 3275 930 3354 fraus.
968 3273 1030 3334 Sed
1054 3272 1095 3337 C:
1132 3273 1177 3334 Et
1200 3276 1287 3334 circa

100 3384 185 3452 erup:
213 3356 314 3444 anfi.
338 3391 365 3434 e.
387 3383 496 3434 ararem.
519 3376 558 3434 ct'.
580 3375 617 3435 ad
639 3375 708 3437 Art.
732 3366 805 3448 122)
826 3375 936 3453 fraus·
972 3372 1014 3434 U:
1036 3373 1080 3434 Et
1098 3375 1286 3450 circaeroq.

100 3484 156 3533 arat
173 3473 275 3551 fraus
298 3472 344 3534 Vt
367 3471 411 3533 Fu
430 3472 513 3535 Ocra
533 3492 615 3551 arou.
631 3484 665 3533 at
678 3472 780 3553 fraus.
803 3473 840 3536 F:
863 3473 907 3535 Bt
921 3472 974 3534 CC
989 3473 1206 3552 Eropatioaem
1227 3491 1286 3532 aa·

101 3579 158 3632 tem
178 3573 279 3650 fruar.
302 3571 425 3633 (tonat.
448 3570 541 3648 legit:
564 3573 606 3633 Fr
626 3577 712 3634 circa
730 3592 812 3654 croy.
831 3583 927 3634 autem
945 3572 1047 3652 flans.
1076 3569 1149 3633 Son.
1171 3571 1201 3631 in
1223 3573 1286 3636 not.

102 3683 147 3731 rr:
170 3673 263 3732 (irco
284 3690 369 3748 erup.
391 3681 489 3733 auram
505 3673 607 3750 farrae.
636 3673 728 3753 quod,
749 3691 783 3734 re
805 3674 847 3733 ita
868 3671 1052 3751 postulante,
1074 3671 1187 3751 recepi.

143 3788 221 3851 quac
240 3777 351 3852 acaria)
371 3768 389 3828 J
412 3770 443 3832 et
464 3783 531 3832 rec:
555 3771 636 3853 quod
653 3791 758 3853 aeque.

142 3866 269 3947 satiem)
290 3868 367 3945 Lug.
389 3870 434 3931 ad
447 3870 520 3932 ilias
540 3871 659 3948 satiem,
684 3891 761 3953 quae
781 3871 824 3932 ad
842 3875 925 3954 piso.
945 3869 1083 3934 naluit.

139 3967 183 4028 art
202 3971 372 4048 piscinam)
395 3969 477 4029 Libri
500 3972 556 4029 rnei
579 3987 699 4033 ornnes:
722 3970 766 4031 art
780 3973 929 4052 piscinas,
950 3988 1009 4030 non
1024 3973 1182 4051 piscinam,
1206 3971 1285 4052 quod

102 4065 172 4127 Pol.
196 4085 236 4127 ox
259 4087 313 4129 sua
335 4068 383 4130 ed.
404 4067 473 4129 Joo.
493 4072 611 4149 recepit
633 4074 664 4131 et
685 4071 874 4150 posteriores
894 4070 1088 4131 retinuerunt.
1110 4069 1159 4129 De
1176 4087 1233 4150 qua
1250 4067 1290 4127 n.

102 4167 222 4227 brorum
243 4165 375 4229 lectione
399 4186 460 4245 ego
482 4169 526 4230 sic
548 4170 660 4248 iudico,
683 4171 716 4231 ut
734 4172 876 4250 piscinas
918 4169 955 4229 ob
977 4169 1163 4247 praecedens
1183 4167 1227 4229 ad
1247 4167 1291 4228 it-

105 4265 156 4326 las
175 4267 355 4328 attractione
376 4267 510 4349 quadarn,
535 4272 567 4329 ut
589 4267 621 4330 ut
643 4271 672 4330 in
695 4268 794 4346 codri,
817 4266 929 4328 illatum
951 4286 968 4327 a
988 4266 1117 4327 librariis
1134 4284 1203 4327 csse
1226 4269 1291 4326 sta-

105 4368 195 4425 tuam.
227 4363 272 4426 At
292 4381 367 4442 vcro
389 4364 513 4427 alterius
535 4369 724 4428 coniecturae
747 4369 776 4427 in
799 4368 924 4426 nrcntcm
935 4367 1030 4426 vonit.
1052 4365 1193 4426 Nimirum
1206 4384 1292 4446 quum

105 4465 229 4526 scilicet
249 4467 300 4526 aut
320 4463 429 4529 litteris
450 4485 495 4527 oc.
517 4471 568 4528 aut
589 4464 691 4527 littora
706 4487 732 4527 s.
751 4469 936 4543 exoraretur,
956 4469 1107 4547 piscinam
1122 4468 1218 4525 autern
1238 4468 1291 4543 pi.

1043 4576 1073 4644 5
