2978 4988
133 343 205 426 ibss
551 332 993 416 ANNO'PA'HONES.

24 624 46 655 ,‚
131 585 164 643 ut
184 572 327 656 Tepulam
349 569 435 634 alteri
456 588 550 654 aquae
571 570 760 650 minngeret.
801 571 883 635 ldem
904 572 1027 634 verbnm
1048 574 1117 636 Art
1141 580 1189 636 18.
1213 577 1263 637 1⁹.
1285 578 1335 638 cr.
1358 579 1408 639 68.

92 734 103 759 ·.
130 701 181 761 tt.
202 696 254 756 Bi.

213 803 480 879 vindicandorum)
509 803 531 867 i.
555 821 583 866 e.
610 802 784 865 retinendae
806 805 836 865 in
857 804 933 884 ipsis
956 805 1095 867 duelles
1117 823 1230 888 aquae,
1258 805 1411 869 incudibus

112 923 314 1010 privatorum
335 925 404 981 ante
425 915 626 998 interceptae,
657 917 871 998 interpretante
893 919 1018 981 Polenn.
1063 913 1115 984 Cf.
1137 921 1174 983 ed
1196 919 1265 983 Art.
1285 927 1352 984 129.

58 1080 62 1087 ·
141 1062 168 1121 ..ᾗ
212 1038 394 1123 perdoceret
413 1049 468 1116 per
488 1033 648 1114 nnrplinres
670 1033 791 1097 ductes.
812 1036 902 1098 Rivis
924 1035 991 1115 bie,
1014 1039 1045 1098 et
1066 1054 1159 1115 opere
1180 1056 1271 1119 supra
1293 1042 1410 1114 terrum,

132 1152 358 1236 ln2t'apitolinm
380 1169 442 1213 eam
463 1168 567 1233 aquam
590 1145 699 1231 deaii)
723 1149 767 1215 (ln
787 1150 970 1234 perdoceret
990 1192 1188 1216 .......
1210 1172 1281 1216 oras
1302 1152 1412 1217 metes

132 1309 431 1337 ..........
452 1270 543 1329 tertio
563 1266 659 1327 millio
684 1265 814 1329 briorem
836 1309 845 1327 .
868 1311 877 1328 .
901 1310 910 1327 .
935 1309 944 1326 .
968 1309 976 1328 .
1000 1313 1008 1331 .
1031 1314 1040 1333 .
1061 1313 1070 1331 .
1092 1312 1101 1331 .
1124 1266 1222 1331 decit.
1265 1268 1310 1337 U:
1335 1290 1410 1351 per-

56 1446 65 1471 ,
116 1390 258 1465 ,deeuti
278 1423 471 1451 ........
494 1398 563 1443 oreo
585 1381 692 1444 metes
712 1401 767 1462 roy
787 1424 984 1447 .......
1006 1387 1095 1445 tertio
1115 1383 1260 1447 milliario
1279 1385 1411 1448 trierem

425 1497 523 1561 deaii.
566 1496 623 1558 bid.
652 1516 706 1577 pr:
741 1497 953 1580 perdoceret:
986 1500 1151 1582 ampliores
1180 1500 1290 1563 doctos
1316 1499 1409 1584 alep.

49 1644 56 1659 ⁴
132 1633 231 1697 eseam
257 1612 312 1679 m
337 1615 482 1677 milliario
507 1612 666 1697 fabrorum
692 1611 789 1677 dealt.
830 1616 849 1674 J
860 1631 869 1679 ε
899 1613 1084 1696 perdoceret
1111 1654 1315 1682 .......
1344 1637 1411 1679 orn-

41 1744 49 1757 *
131 1738 249 1820 plioreo
272 1732 381 1795 decime
401 1770 670 1794 .........
697 1734 795 1812 reipe.
817 1749 914 1792 conso
935 1735 1023 1791 tertio
1045 1731 1188 1793 milliorio
1211 1775 1410 1796 ........

27 1910 41 1933 ,.
131 1851 288 1937 semmam
309 1847 407 1910 duait.
448 1845 517 1924 ligo
540 1848 637 1905 autern
660 1861 701 1906 ex
722 1844 920 1922 coniecturis,
942 1865 1018 1928 qnae
1039 1848 1125 1908 visae
1146 1849 1244 1924 magis
1265 1848 1410 1928 probabi-

26 2016 43 2043 ,
132 1969 179 2031 les
205 1968 291 2042 sunt,
320 1962 418 2024 locum
446 1959 523 2021 bunc
550 1959 670 2038 scripsi.
711 1961 838 2023 Primum
867 1961 965 2044 itaque
987 1962 1152 2045 ampliores
1172 1964 1315 2043 reposui,
1346 1984 1409 2026 nam

104 2090 109 2101 '
132 2082 280 2163 agebatne
306 2077 481 2159 praesertim
508 2075 547 2137 de
569 2075 707 2152 augenda
726 2096 819 2160 equae
842 2078 945 2158 copia,
977 2081 1008 2140 et
1028 2077 1188 2160 ampliores
1210 2079 1316 2143 duetus
1337 2099 1411 2160 per-

61 2260 70 2273 „
132 2201 230 2287 tinere
251 2195 400 2257 debebant
420 2192 457 2254 ad
474 2209 581 2255 novam
598 2210 712 2274 aquom.
755 2192 813 2255 Pro
834 2197 882 2255 rei
903 2235 1104 2257 .......
1126 2199 1217 2257 tertie
1238 2196 1329 2275 posui
1350 2196 1410 2259 Ili-

131 2318 181 2381 oie
201 2310 254 2376 bio
275 2304 442 2393 (Marcius)
469 2317 499 2370 et
520 2327 616 2390 opero
637 2326 734 2391 sopra
754 2317 886 2386 terrem,·
913 2314 995 2371 ratus
1017 2312 1126 2371 etenim
1148 2330 1211 2371 sum
1231 2309 1409 2389 verisimile,

17 2472 39 2509 .‚.
119 2431 215 2505 ,bisce
243 2426 347 2490 verbis
375 2426 516 2504 coepisse
537 2422 709 2487 Frontinum
731 2427 925 2487 narrationem
948 2425 1151 2505 perductionis
1173 2443 1266 2506 aquae
1287 2445 1306 2488 u
1325 2425 1410 2489 Mar-

117 2549 181 2610 'ci'o
210 2539 318 2607 israe.
359 2540 464 2623 Neque
497 2541 573 2603 enim
601 2538 652 2601 illa
678 2541 791 2623 diripe.
819 2561 931 2604 coense
959 2544 1026 2602 visa
1053 2540 1137 2603 inere
1163 2542 1295 2621 propria.
1337 2542 1409 2604 Nam

132 2664 192 2726 etsi
213 2679 265 2739 ee,
288 2676 363 2740 quoe
385 2657 512 2735 fiebant,
540 2657 728 2735 pertinebant
748 2657 847 2740 aliquo
868 2659 958 2719 modo
980 2658 1016 2718 ad
1040 2657 1114 2736 reip.
1135 2655 1310 2738 utilitatem,
1337 2677 1412 2739 pro-

131 2754 197 2860 prie
225 2783 322 2837 mmen
351 2773 387 2834 ad
416 2773 573 2834 utilitatem
596 2772 679 2861 urbis
699 2773 813 2835 Romae
835 2773 1028 2851 spectabant,
1058 2791 1117 2834 non
1140 2772 1177 2834 ad
1198 2775 1291 2835 tntum
1314 2774 1410 2853 impe-

130 2895 216 2957 rinm.
258 2891 343 2953 Loco
364 2891 461 2948 autem
482 2885 577 2947 millio
594 2885 726 2948 trierem
746 2888 835 2966 posui
857 2890 889 2948 im
907 2887 1102 2968 Copitoiiem.
1145 2888 1225 2975 Quid
1246 2890 1324 2950 enim
1346 2901 1410 2951 ter·
1452 2898 1458 2917 ·'

13 3034 32 3075 e·
72 3058 79 3075 ,
118 3013 174 3073 ,tio
194 3007 291 3069 millio
313 3001 363 3065 vel
386 3007 475 3064 tertio
496 3000 642 3065 milliario
665 3021 729 3063 eum
750 3001 807 3064 bne
828 2997 1018 3064 namatinne'i
1049 3001 1140 3066 Certe
1162 3002 1233 3064 mibi
1253 3006 1410 3084 probabile

130 3119 380 3206 bt,..·l'rontinum
407 3119 510 3199 potius
539 3117 717 3198 scripsisse,
747 3131 806 3201 quo
832 3137 934 3200 equam
956 3117 1088 3180 Marcius
1109 3119 1294 3199 perduxerit
1336 3120 1409 3182 Nam

131 3239 212 3327 qnod
231 3237 282 3300 bie
303 3240 453 3315 narratur,
474 3234 594 3295 videtur
614 3232 709 3305 ueluti
730 3236 900 3315 propositio
922 3235 1062 3318 quaedam
1080 3253 1199 3313 eorum,
1222 3253 1297 3316 quae
1314 3237 1410 3298 insius

39 3368 60 3429 “,
131 3356 213 3421 inire.
235 3352 445 3419 deseribuntur
471 3370 489 3413 a
511 3350 612 3412 verbIs
633 3349 778 3430 Lepimeo
798 3351 883 3435 epod
903 3351 1106 3415 Fenestellam
1131 3350 1167 3412 ed
1188 3351 1282 3413 verba
1301 3370 1410 3434 equom

130 3473 325 3555 perductoma
348 3468 424 3529 inire
439 3484 513 3528 vero
531 3460 731 3543 concluditur,
752 3486 855 3548 aquam
872 3468 967 3528 luisse
983 3467 1153 3545 perductam
1170 3470 1201 3528 io
1214 3466 1408 3549 Capitolium.

89 3588 165 3651 nalo
186 3587 292 3649 lacerna
313 3585 380 3644 ente
403 3581 493 3645 derit
510 3581 599 3660 posui
622 3601 688 3645 eom
703 3601 833 3666 equom
855 3601 930 3664 qnae
952 3583 1045 3644 verba
1065 3582 1202 3644 videntur
1223 3584 1307 3664 quasi
1329 3584 1410 3644 indi-

130 3653 142 3675 'r

30 3704 39 3719 ⁴
132 3704 194 3769 nari
215 3697 501 3779 esubsequentibus
524 3701 573 3759 orei
594 3697 632 3761 ol
654 3708 781 3763 uectore
800 3699 949 3761 Morcioe
969 3718 1075 3761 nomen
1096 3708 1151 3760 esi.
1174 3697 1276 3759 Verba
1296 3698 1410 3779 fodro-

131 3836 195 3881 rem
211 3834 315 3899 opero
335 3812 454 3892 plaeere
483 3832 543 3875 non
564 3816 725 3895 poterantr
752 3816 989 3897 quandoquidem
1013 3816 1050 3876 de
1071 3814 1266 3894 perductione
1288 3814 1409 3879 aliarum

131 3930 269 4016 nduemm
297 3931 456 3993 Frontinus
484 3929 637 4009 scribens,
669 3947 707 3991 ne
734 3931 856 3993 verbum
884 3932 1001 4013 quiderm
1030 3950 1117 3993 unnim
1144 3931 1218 3992 iacit
1246 3930 1283 3992 de
1304 3931 1409 4011 fabris,

131 4049 249 4125 servir,
271 4045 428 4124 lapicidis,
450 4045 558 4127 quibus
579 4046 609 4107 iu
630 4044 716 4127 aquis
738 4047 848 4108 ceteris
870 4046 1029 4123 ducendis,
1059 4064 1153 4128 aeque
1175 4063 1210 4108 oc
1230 4047 1261 4108 in
1280 4045 1409 4126 mecla,

66 4182 71 4197 ·
132 4174 209 4247 opus
231 4163 299 4225 luit.
342 4158 432 4222 ron.
475 4159 548 4223 Scb.
576 4165 702 4222 conatus
730 4166 779 4222 cst
804 4163 979 4225 restituere:
1012 4162 1193 4243 perdocere.
1239 4163 1312 4224 Tem
1337 4169 1412 4245 posi

129 4282 253 4360 priores
278 4276 391 4339 Molee
415 4275 606 4359 reipublicae
632 4279 791 4339 restitutos
818 4281 937 4339 tertiam
964 4278 1048 4339 illem
1074 4298 1219 4361 opeorem
1242 4282 1276 4341 io
1302 4276 1410 4341 Urbem

129 4393 288 4474 palerii,
315 4397 367 4455 cei
396 4396 454 4455 etc.
480 4390 529 4453 'In
552 4390 577 4456 C
599 4411 661 4472 ego
694 4408 754 4452 nou
775 4392 866 4453 video
883 4392 988 4471 derit,
1016 4394 1070 4455 sed
1093 4393 1185 4472 dira,
1212 4395 1244 4456 in
1264 4391 1291 4456 U
1312 4398 1410 4457 antem
1477 4392 1480 4397 '

132 4498 271 4586 demet
291 4511 416 4592 utroque
438 4509 468 4570 in
490 4510 668 4589 compendio
691 4503 810 4566 litterae
832 4505 911 4568 finali
935 4527 958 4569 a
978 4510 1184 4591 superductum
1206 4509 1326 4590 signum
1348 4510 1410 4571 eir-
