2978 4988
531 382 941 467 FRON'HNL'S

192 621 407 721 Principum.
457 620 574 700 Cuius
608 621 660 695 rei
693 643 802 695 causa
835 632 891 693 est
922 639 1190 710 erroneorum,
1231 614 1290 710 qui
1326 611 1370 700 ah

192 740 288 815 initio
313 761 436 839 parum
461 737 645 836 diligenter
667 736 945 830 uniuscuiusque
972 734 1129 807 fecerunt
1153 732 1372 806 aestimatio-

192 880 283 930 nem.
345 852 408 934 Ac
438 877 484 928 ne
516 869 611 927 metu
643 853 789 926 aestatis
822 861 882 924 aut
914 851 1109 924 siccitatum
1135 851 1324 923 intantum
1351 874 1373 921 a

192 972 340 1044 veritate
366 993 430 1043 eos
456 969 658 1044 recessisse
685 966 843 1063 credam,
871 966 1006 1061 obstat,
1034 964 1148 1063 quod,
1176 972 1256 1064 ipso
1282 964 1372 1038 actis

191 1086 368 1164 mensuris
393 1083 491 1159 Julio
516 1108 650 1181 mense,
678 1083 767 1158 hanc
791 1083 1068 1180 uniuscuiusque
1093 1088 1254 1180 copiam,
1282 1106 1373 1179 quae

193 1226 301 1299 supra
327 1199 459 1299 scripta
485 1210 553 1297 est,
581 1209 653 1275 tota
679 1199 849 1297 deinceps
875 1209 1011 1273 aestate
1038 1197 1220 1274 durantem
1245 1198 1372 1296 expio-

190 1318 278 1391 ram‘.
331 1313 574 1413 Quaecunque
598 1325 714 1390 tamen
740 1326 797 1390 est
822 1339 954 1410 causa,
984 1338 1073 1410 quae
1097 1311 1300 1412 praecedit,
1328 1313 1372 1385 ii-

190 1431 252 1506 lud
276 1432 398 1528 utique
423 1431 601 1530 detegitur
613 1443 632 1528 ,'
664 1429 787 1506 decem
824 1430 929 1505 millia
967 1431 1201 1527 quinariamm
1228 1432 1372 1504 interci-

193 1547 311 1641 disse3
347 1547 429 1622 dum
453 1546 626 1623 beneficia
652 1570 720 1620 sua
742 1546 934 1644 Principes
960 1546 1154 1622 secundum
1178 1545 1319 1622 modum
1333 1548 1372 1620 ⁴in

192 1664 451 1739 commentariis
475 1662 690 1761 adscriptum
714 1670 918 1760 temperant.

116 1779 169 1856 75
269 1778 438 1876 Sequens
465 1779 655 1872 diversitas
682 1787 757 1875 est3
793 1776 886 1875 quod
912 1776 1002 1851 alius
1016 1775 1154 1852 modus
1179 1782 1373 1876 concipitur

193 1895 238 1970 ad
263 1893 401 1992 capita,
430 1894 522 1970 a'iius
546 1918 613 1970 nec
639 1896 770 1993 exiguo
796 1896 909 1970 minor
942 1895 977 1968 in
1002 1895 1173 1992 piscinis,
1208 1895 1372 1970 minimum

228 2161 333 2226 decem
353 2161 465 2234 millia)
486 2160 561 2224 Solu.
583 2161 676 2240 legit:
697 2170 744 2225 tot
756 2162 863 2226 millia.
884 2162 1039 2238 annotans,
1056 2149 1102 2222 tot
1123 2163 1154 2225 ot
1175 2159 1279 2225 decor
1299 2181 1373 2244 per-

187 2260 296 2325 mutari
310 2261 399 2323 etiam
419 2258 538 2341 ulpian.
554 2252 734 2339 muna,
750 2264 800 2325 lt.
833 2259 976 2324 Cassiod.
995 2258 1067 2323 Var.
1089 2259 1143 2325 Vi.
1168 2264 1217 2324 1³.
1239 2259 1370 2325 vnaa

191 2359 242 2424 Gi.
264 2358 337 2425 Scir.
359 2357 414 2422 tv.
436 2364 468 2422 3.

218 2458 392 2543 Principes)
414 2459 444 2523 V
460 2462 491 2525 ci
506 2458 581 2522 edd:
603 2458 931 2542 Princeps-temperat.

226 2565 258 2622 ia
275 2561 443 2626 commeat.)
464 2558 549 2649 Haec
569 2559 663 2624 rerba
683 2561 795 2641 primus
817 2560 944 2622 inseruit
965 2557 1037 2621 Scia.
1079 2557 1214 2639 aepoas
1240 2559 1310 2626 Art
1332 2563 1372 2622 65

185 2663 218 2724 ct
233 2676 318 2745 seqq.
405 2668 408 2673 '

120 2775 153 2831 75
226 2758 295 2823 nec)
316 2757 397 2821 VF:
419 2776 488 2822 aon.
992 2816 996 2824 .

227 2860 378 2929 minimas)
402 2855 445 2921 U:
467 2860 574 2920 minua.
591 2854 674 2921 Scir:
695 2861 838 2921 minimae.
851 2856 989 2941 denique,
1011 2861 1042 2922 ot
1055 2858 1180 2924 deiude:
1202 2859 1371 2939 adacto,

186 2957 399 3018 mmm&
748 2989 751 2997 ·
1271 3007 1275 3015 -

228 3058 408 3121 continetur}
428 3055 473 3116 V:
496 3058 659 3121 continere.

230 3154 324 3218 Caino
345 3157 392 3216 rei
412 3149 484 3216 cto.)
520 3152 552 3216 V
570 3153 610 3216 F:
635 3158 724 3216 caino
744 3159 791 3219 rei
808 3155 901 3236 frana
922 3177 972 3242 aq.

226 3251 313 3317 noua)
335 3253 381 3317 lta
401 3250 437 3318 G·
461 3252 565 3317 Ceteri
585 3253 654 3315 libri
674 3275 768 3317 osum.

231 3351 297 3416 seo
316 3361 348 3415 ct
364 3353 458 3436 pler.)
480 3352 521 3415 F}
543 3352 608 3416 Sed
625 3353 706 3436 pler.
727 3354 773 3416 V:
795 3355 860 3419 Sed
878 3358 1043 3442 plerisque.

228 3471 309 3535 aqua
331 3451 488 3528 circnmd.)
517 3451 539 3515 i.
567 3469 596 3512 c.
626 3452 706 3514 circa
728 3472 850 3535 quorum
870 3474 962 3534 agros
1001 3453 1066 3519 (seu
1099 3461 1208 3522 circum
1245 3463 1372 3526 confinia

171 3543 337 3628 agrorum)
359 3568 435 3632 aqua
456 3551 693 3613 circumducitur.
734 3551 845 3616 Fateor
873 3559 970 3618 tamon
1003 3563 1171 3638 suspectam
1203 3560 1273 3624 mihi
1302 3581 1371 3624 esse

130 3735 133 3741 ‚
185 3649 357 3721 lectionem.
399 3648 488 3712 Pon.
529 3648 613 3713 iidd:
643 3666 743 3729 aquae
763 3654 1033 3718 circumducuntur.
1075 3658 1105 3719 V
1126 3658 1165 3722 F:
1188 3669 1218 3722 et
1239 3679 1372 3743 quorum

182 3745 259 3906 {cin
281 3743 373 3822 legit:
396 3753 427 3811 ia
443 3766 576 3833 quorum.
599 3746 678 3837 Quid
697 3751 791 3813 verba
806 3752 1024 3833 simplicissima
1044 3757 1227 3838 significent,
1244 3779 1303 3822 non
1325 3767 1374 3824 est

203 3844 383 3906 ohitandum.

227 3940 354 4005 subinde
371 3945 501 4024 formas)
521 3943 643 4008 nxuv
663 3944 737 4011 Pol:
758 3947 838 4011 inde.
861 3949 906 4013 C:
927 3950 1017 4015 onde-
1038 3953 1124 4022 nou:
1142 3956 1268 4037 frauda.
1290 3964 1372 4042 quod

183 4040 308 4103 retlnuit
351 4041 452 4120 Sch„
476 4048 599 4106 vertens
622 4045 799 4125 ‚,bosiich“.
834 4049 899 4111 Neo
920 4053 1023 4113 versio
1045 4055 1157 4134 piacet,
1180 4075 1237 4120 neo
1258 4058 1370 4123 lectio:

182 4141 265 4199 fraus
305 4141 381 4200 enim
420 4140 484 4201 scre
514 4145 563 4202 cst
584 4147 780 4225 aquariorum.
822 4144 985 4211 Emendavi
1006 4152 1144 4218 subinde.-
1183 4155 1370 4220 Vocabulum

180 4236 327 4299 Frontino
350 4242 489 4317 amatum3
511 4259 619 4302 sensus
642 4245 803 4321 egregium
825 4244 912 4308 locus
926 4251 1091 4314 simillimus
1107 4253 1175 4317 Art.
1191 4258 1265 4319 m:
1289 4260 1372 4341 quod

177 4333 311 4396 subinde
332 4342 363 4396 et
383 4340 449 4398 siae
469 4356 577 4424 carroco¹
587 4340 719 4419 foratum
740 4347 877 4405 vitiatur.
898 4347 949 4409 De
961 4351 1071 4430 formio
1092 4372 1123 4415 v·
1142 4353 1271 4418 Annott.

221 4435 337 4493 itinera
358 4441 459 4514 susp.)
481 4434 660 4499 Hominibus
680 4444 812 4517 privatis
834 4445 962 4530 (datin.)
985 4451 1006 4512 Ι.
1024 4469 1052 4513 e.
1073 4452 1110 4513 ad
1133 4455 1370 4518 commoditatem

173 4526 374 4606 privatorum.
411 4528 436 4592 C
457 4530 483 4594 U
504 4551 561 4593 om.
583 4550 689 4609 nomm
709 4538 788 4612 quod
809 4543 926 4606 restitui
949 4566 989 4612 ex
1004 4549 1023 4612 J
1039 4549 1189 4618 lectione:
1210 4554 1261 4619 vel
1279 4555 1323 4618 ad
1338 4555 1370 4616 t.
