2978 4988
393 346 397 354 ·
550 302 875 387 euasurum.
1215 309 1356 391 xxm

69 539 244 634 assentiri,
271 563 383 639 eaque
408 558 504 638 quae
526 550 783 641 proponuntur,
820 541 1013 618 rationibus
1039 566 1060 616 e
1086 552 1245 618 veterum
1273 564 1353 619 moa·

69 675 243 750 numentis
269 675 422 772 receptis
449 699 536 748 vera
562 673 717 748 iudicare
744 698 812 748 non
839 677 1027 774 potuimus.
1074 675 1356 752 Emendationes

67 830 231 907 magrmm
254 817 389 906 partem
417 831 496 884 non.
512 806 628 882 solum
654 817 735 881 sunt
762 808 981 906 ingeniosae,
1010 807 1200 883 sedetiam
1227 834 1354 902 verac3

67 941 189 1040 partim
216 949 300 1016 sunt
322 939 505 1015 dumtaxat
524 938 784 1016 incredibiliter.
807 940 1013 1038 ingeniosae
1041 951 1076 1015 at
1100 965 1268 1038 aegaeae,
1287 939 1361 1023 sed.

66 1075 215 1150 veritate
253 1071 464 1148 destitutae:
511 1072 703 1148 Permultis
741 1071 1046 1147 ¹emundationibus
1085 1097 1235 1172 prorsus
1273 1072 1358 1157 nitu

65 1206 165 1305 pretii
190 1205 412 1281 tribuendum
437 1216 516 1301 est,
555 1216 595 1280 ut
628 1205 797 1302 proiectis
824 1207 949 1302 partim
974 1206 1017 1281 ab
1044 1205 1135 1281 inani
1159 1206 1357 1283 litterarum

64 1346 338 1437 permutatamm
371 1337 454 1412 ludo
488 1337 711 1437 propriisque
746 1336 958 1434 quibusdam
981 1335 1185 1413 artificiosis
1212 1339 1357 1421 critices

65 1468 288 1546 exercendae
314 1470 536 1569 ambagibus,
563 1470 687 1570 partim
714 1469 759 1545 ad
782 1470 911 1562 latinae
937 1470 1079 1568 linguae
1111 1480 1148 1544 et
1171 1493 1354 1568 mamma-

68 1604 146 1677 ices
174 1603 398 1677 inscientiam
424 1601 646 1677 reducendis.
697 1600 795 1693 Fieri
820 1627 888 1677 non
915 1612 1053 1701 potest,
1095 1602 1192 1700 quin.
1211 1624 1356 1683 errores

63 1737 172 1810 irruat
198 1733 429 1830 Sclurltzius,
457 1744 650 1835 propterea
676 1734 780 1832 quod,
821 1736 1018 1833 praemissa
1045 1735 1096 1811 rei
1141 1735 1353 1835 cognitione,

64 1868 142 1942 siva
169 1892 215 1942 ex
241 1878 402 1942 veterum
427 1869 666 1970 monumentis:
685 1868 776 1942 *sive
811 1892 860 1942 ex
886 1866 1080 1965 disciplina,
1107 1867 1187 1943 sive
1212 1857 1261 1943 cn
1286 1888 1355 1942 sue

62 2002 207 2099 ingenio
232 2011 341 2099 parta,
369 2001 533 2096 innitens,
562 2000 768 2075 emendandi
795 2000 973 2098 cupiditati
1000 2000 1198 2094 satisfacit3
1233 2022 1354 2096 quum,

63 2131 195 2228 credo,
234 2133 285 2206 rei
312 2133 477 2231 cognitio·
494 2157 624 2206 causas
651 2134 817 2228 criticas,
864 2159 909 2208 en
940 2133 1039 2208 libris
1063 2155 1152 2208 mss.
1179 2131 1353 2228 editisque

64 2265 233 2363 religiose
257 2263 494 2363 legitimeque,
523 2264 638 2363 quoad
664 2267 742 2340 eiua
768 2264 854 2340 lieri.
871 2277 1002 2364 potest,
1033 2264 1253 2356 constitutas,
1288 2276 1353 2345 utin

63 2409 207 2495 quatur:
247 2420 316 2494 quo
350 2408 463 2472 mmen
502 2399 536 2473 in
562 2422 701 2495 genere
721 2397 812 2471 ultro
842 2397 1068 2495 intelligitur,
1107 2396 1183 2471 iere
1208 2395 1355 2479 alteram

64 2531 233 2604 rationem
261 2528 353 2604 haud
378 2529 531 2605 delicere
557 2529 701 2633 alteram
728 2553 850 2628 posse.
898 2527 1184 2630 systematis
1210 2529 1354 2605 criticas

63 2687 89 2735 a·
109 2659 295 2739 Schultzio
320 2664 538 2761 propositum
563 2664 783 2746 recensitum
809 2663 1002 2762 singularis
1027 2660 1171 2740 libellus
1189 2660 1355 2738 scribens

63 2794 130 2867 dus
158 2807 268 2889 esset,
297 2818 403 2893 quum
430 2820 473 2870 ea
499 2820 561 2870 res
586 2798 710 2895 paucis
738 2796 875 2871 absolvi
901 2804 1062 2894 nequeat
1089 2792 1187 2889 Quid
1212 2818 1283 2894 ego
1306 2793 1354 2871 de

64 2950 111 3000 eo
134 2926 297 3024 iudicem,
325 2929 359 3000 in
385 2952 425 3002 re
451 2907 628 3025 praesenti
654 2953 697 3002 se
722 2929 968 3026 manifestabit,
1009 2952 1116 3028 quum
1141 2951 1253 3025 causa
1279 2928 1352 3009 onir

66 3060 132 3133 tica
161 3071 300 3157 agetur.
340 3057 497 3136 Glossas
523 3071 639 3135 nutem
667 3062 1034 3159 interpolationesquc,
1050 3084 1211 3160 quarum
1225 3083 1355 3158 magna

65 3191 304 3291 exemplorum
330 3193 422 3266 nube
446 3195 604 3268 Frontini
631 3193 755 3268 librum
783 3196 906 3291 paucis
940 3193 1034 3269 soliis
1060 3193 1220 3292 exceptis
1237 3215 1353 3269 cumr

63 3324 276 3398 maculatum
313 3350 335 3398 a
370 3326 506 3401 sciolis·
531 3326 780 3424 interpretibus
815 3349 902 3400 esse
937 3324 1146 3404 Schudtcius
1172 3334 1355 3421 tantopere

62 3461 231 3552 queritur,
259 3456 360 3554 quod·
378 3458 510 3555 attinet,
539 3460 571 3531 si
597 3460 709 3534 semel
737 3458 885 3555 delendi,
914 3457 1082 3556 quidquid
1094 3456 1269 3533 Romanis
1282 3466 1355 3533 tum

62 3589 243 3687 cognitum
268 3614 414 3689 arguas,
442 3590 604 3690 cupidine
632 3591 743 3666 saeris
770 3593 951 3690 abreptus,
978 3590 1095 3665 nullus
1115 3587 1256 3665 delendi
1275 3612 1354 3667 ωο-

63 3720 129 3794 dus
157 3721 243 3814 erit;
271 3723 431 3799 sienim
454 3748 562 3798 unum
590 3738 627 3798 et
654 3724 801 3798 alterum
828 3725 1057 3799 concesseris
1082 3723 1257 3800 Romanis
1282 3733 1354 3815 bum

62 3855 242 3952 cognitum
267 3855 412 3952 luisse,
432 3857 555 3931 ‚omnia
589 3856 672 3930 illuc
697 3857 905 3954 pertinentia
930 3866 969 3930 ut
994 3855 1173 3954 superflua
1201 3855 1355 3930 mmnari

61 3998 217 4085 oportet,
251 3989 342 4062 alius
375 3988 443 4063 alia
474 4013 538 4087 pro
571 4012 639 4062 suo
666 3990 815 4084 quisque
841 3999 947 4086 captu
974 3989 1157 4084 delebunt,
1198 3998 1234 4061 et
1258 3988 1355 4063 liber

61 4120 164 4193 tertia
192 4130 292 4218 parte
318 4120 445 4196 evadet
469 4122 618 4195 tenuior.
672 4118 883 4218 Quanquam
910 4121 1002 4195 haud
1029 4123 1153 4219 paucis
1181 4134 1354 4218 superse-

60 4248 147 4325 dere
195 4276 406 4350 possemus:
459 4253 526 4328 sed
575 4266 691 4328 tamen
743 4254 856 4350 ipsius
904 4255 1065 4329 Frontini
1109 4266 1186 4327 tam
1239 4252 1355 4326 vehe-

59 4406 161 4457 mens
218 4409 284 4460 sua
343 4386 453 4461 uerba
518 4386 767 4484 interpretandi
824 4409 982 4481 suasque
1041 4408 1100 4461 res
1160 4384 1355 4458 illustrandi

59 4513 215 4591 studium
264 4516 575 4618 deprehendimus,
629 4532 668 4594 ut
718 4520 752 4593 in
804 4518 947 4595 dubium
989 4516 1074 4593 illud
1125 4540 1255 4591 vocare
1294 4498 1373 4595 ‚iu-¹
