2978 4988
428 348 500 426 DE
526 347 716 442 AOUAE
742 345 1024 431 nudamus.
1295 346 1368 424 111

81 579 174 657 Nam
208 605 360 657 necesse
393 592 449 656 est
474 607 520 656 ex
545 582 702 656 castellis
728 580 880 681 aliquam
903 592 1039 680 partem
1064 604 1176 678 aquae
1202 582 1258 656 el-

81 698 207 789 lluere3
249 723 328 771 cum
360 697 427 774 hoc
458 703 629 795 pertineat
662 722 729 770 non
763 698 878 772 solum
909 697 954 772 ad
979 698 1090 776 Urbis
1117 709 1259 774 nostrae

80 815 336 909 salubritatem7
375 813 441 887 sed
472 819 574 888 etiam
606 813 649 886 ad
679 813 859 887 utilitatem
886 812 1084 888 cloacarum
1109 813 1257 889 abluen-

81 931 213 1004 darum.

152 1046 360 1144 ExplicitiS,
389 1069 478 1141 quae
499 1045 545 1120 ad
565 1043 813 1121 ordinationem
834 1068 1002 1142 aquarum
1021 1049 1149 1143 privati
1167 1070 1257 1119 usus
1282 1044 1358 1120 112

80 1164 315 1260 pertinebant,
344 1186 412 1236 non
439 1163 481 1236 ab
509 1188 547 1236 re
573 1175 648 1253 est,
678 1159 846 1258 quaedam
873 1187 920 1235 ex
944 1163 1005 1258 its,
1035 1162 1160 1256 quibus
1187 1164 1259 1235 cir-

80 1280 268 1352 cumscribi
294 1279 543 1351 saluberrimas
570 1279 833 1352 constitutiones
859 1278 893 1350 in
908 1276 996 1374 ipso
1024 1291 1103 1350 actu
1129 1277 1259 1375 depre-

80 1395 281 1490 hendimus,
311 1393 463 1491 exempli
489 1417 597 1467 causa
623 1395 804 1492 attingere.
855 1392 1061 1491 Ampliores
1087 1394 1260 1489 quosdam

80 1513 226 1605 calices,
256 1535 358 1606 quam
384 1511 553 1607 impetrati
580 1521 693 1605 erant,
720 1510 857 1607 positos
877 1511 911 1583 in
929 1510 1106 1607 plerisque
1126 1511 1259 1583 castel·

78 1627 120 1699 lis
154 1629 289 1720 inveni,
326 1637 358 1699 el
391 1626 504 1699 exiis
531 1625 667 1722 aliquos
692 1651 736 1700 ne
762 1627 925 1724 signatos
952 1626 1102 1722 quidem.
1155 1624 1259 1717 Ouo-

79 1744 170 1816 tiens
206 1757 319 1816 autern
352 1743 513 1840 signatus
545 1743 638 1815 calix
665 1741 807 1816 excedit
830 1742 1021 1841 legitimam
1046 1766 1257 1837 mensuram,

79 1859 218 1933 ambitio
245 1858 512 1954 procuratoris,
549 1863 608 1955 qui
633 1882 712 1932 eum
739 1860 910 1957 signavit,
946 1858 1139 1956 detegitur:
1180 1883 1260 1932 cum

80 2000 163 2046 rer-o
198 1999 243 2047 ne
274 1975 437 2068 signatus
470 1973 607 2071 quidem
640 1986 713 2068 est,
750 1975 933 2048 manifesta
965 1976 1067 2072 culpa
1095 1969 1257 2066 omnium,

79 2092 227 2163 maxime
254 2091 474 2186 accipientiS,
503 2089 788 2188 deprehenditur,
815 2090 940 2167 deinde
965 2092 1071 2164 vilici.
1109 2090 1152 2164 In
1178 2097 1258 2188 qui-

80 2206 242 2300 busdam,
278 2230 357 2280 curn
390 2206 520 2279 calices
552 2206 729 2304 legitimae
754 2231 942 2281 mensurae
968 2209 1098 2305 signati
1125 2218 1257 2300 essent,

78 2324 191 2394 statim
226 2321 404 2419 amplioris
438 2321 569 2396 moduli
599 2321 737 2395 fistulae
770 2324 951 2397 subiectae
976 2323 1132 2396 luerunt:
1167 2323 1259 2396 unde

79 2439 272 2534 acciderat,
307 2448 346 2511 ut
373 2461 479 2535 aqua,
515 2461 583 2510 non
608 2462 672 2535 per
697 2422 888 2536 legitimum
915 2441 1064 2535 spatium
1093 2439 1256 2530 coercita,

78 2555 143 2628 sed
176 2579 256 2652 per
273 2556 404 2629 breves
438 2555 622 2652 angustias
654 2579 846 2652 expressa,
883 2555 988 2630 facile
1020 2556 1191 2629 laxiorem
1224 2554 1258 2626 in

69 2673 235 2768 ,proximo
263 2671 416 2745 fistulam
440 2671 610 2768 impleret.
647 2670 805 2769 Ideoque
831 2671 915 2746 illud
940 2671 1069 2768 adhuc,
1098 2670 1259 2767 quotiens

78 2790 237 2884 signatur
276 2787 386 2882 calix,
427 2787 626 2886 diligentiae
666 2786 893 2864 adiiciendum
933 2801 1008 2884 est,
1046 2801 1085 2862 ut
1121 2785 1260 2860 fistulae

78 2928 215 3000 quoque
254 2909 436 3001 proximae
473 2930 537 3001 per
573 2907 740 3003 spatium,
780 2905 874 3002 quod
906 2904 1065 2984 Senatus
1100 2903 1260 2978 consulto

75 3221 169 3281 scribi
191 3218 360 3301 Expectes
381 3241 460 3305 puae
479 3220 524 3284 ad
544 3219 763 3286 ordinationem
782 3236 929 3305 opacum
947 3221 1163 3285 sannarum
1182 3236 1259 3282 con-

77 3327 246 3384 stitutiones
267 3327 326 3385 etc.
602 3316 609 3331 '

115 3428 184 3505 ipso
205 3426 295 3494 acta)
316 3421 355 3483 r:
377 3429 481 3488 aucta.
501 3421 521 3483 J
542 3426 574 3486 et
593 3437 662 3486 rec:
684 3427 753 3506 ipso
774 3426 821 3485 rei
840 3431 924 3485 octo.
1294 3435 1343 3486 112

115 3526 227 3598 inueni,
250 3525 393 3594 euntia)
416 3520 459 3585 C:
481 3525 730 3599 invenieneuiia.
753 3519 795 3585 U:
816 3525 947 3585 inveniet
968 3518 1080 3582 exlio.
1101 3515 1170 3582 scil.
1183 3535 1259 3583 cou-

76 3624 142 3683 l'nse
163 3639 235 3701 pro:
258 3623 368 3700 inveni,
389 3630 420 3684 et
440 3642 480 3684 ea
500 3627 549 3686 iia.
572 3622 660 3710 Quod
681 3642 768 3706 quum
789 3640 848 3685 uon
861 3620 1077 3698 intelligerent,
1100 3617 1201 3682 deleto
1218 3628 1258 3695 et,

76 3724 259 3800 scripserunt
280 3723 391 3798 inueni,
413 3741 452 3784 eu
472 3725 522 3798 iia,
544 3725 577 3783 ut
598 3720 829 3801 deprehenditur
850 3723 880 3783 ln
901 3721 930 3784 V
947 3720 991 3800 Ἐς
1012 3719 1041 3783 ln
1064 3717 1170 3801 qulbus
1186 3734 1259 3798 per-

76 3821 173 3895 gitur:
196 3840 236 3881 ea
258 3823 298 3882 iio
319 3821 377 3882 ulta·
398 3839 484 3904 poor.

114 3919 295 4000 manifesta)
316 3919 405 3998 ligo:
426 3920 599 4001 manifesto.
620 3920 758 3986 HlllNR.

113 4018 291 4094 acciderat)
315 4016 359 4083 C:
380 4019 572 4084 occiderunt.
594 4053 635 4064 —-
656 4022 809 4092 coercita)
831 4016 859 4080 U
879 4019 924 4083 V:
947 4019 1115 4084 cohercitu.

116 4114 240 4198 trenes)
277 4118 355 4180 Tres
376 4118 464 4180 codd.
487 4123 519 4181 et
539 4119 579 4183 l':
603 4119 714 4184 drevic.
743 4120 822 4182 lldd.
840 4134 907 4182 rec:
937 4119 1034 4183 lecca.
1062 4118 1142 4203 qnod
1171 4136 1259 4203 quum

75 4217 162 4277 etiam
184 4217 334 4280 Fahrltins
352 4217 438 4280 Num.
459 4221 520 4281 235
541 4220 569 4282 in
591 4240 646 4282 sua
667 4221 715 4283 ed.
736 4219 879 4297 legisset,
902 4219 939 4281 de
961 4239 1017 4281 suo
1040 4217 1173 4282 correxit
1190 4215 1260 4279 dre-

75 4335 136 4391 cas,
159 4322 191 4378 ut
212 4321 260 4379 est
281 4319 311 4378 ln
331 4318 361 4380 J.

113 4420 288 4496 proximae)
311 4416 354 4480 U:
369 4433 552 4498 [proxumae.
574 4419 629 4481 sed
651 4419 728 4480 idem
751 4433 841 4497 supra
859 4421 1010 4499 proxime.

114 4519 328 4591 mancatione)
351 4512 395 4580 0:
417 4547 456 4559 —
478 4535 553 4578 nan.
