<?xml version="1.0" encoding="UTF-8"?>
<!DOCTYPE html PUBLIC "-//W3C//DTD XHTML 1.0 Transitional//EN"
    "http://www.w3.org/TR/xhtml1/DTD/xhtml1-transitional.dtd">
<html xmlns="http://www.w3.org/1999/xhtml" xml:lang="en" lang="en">
 <head>
  <title>
</title>
<meta http-equiv="Content-Type" content="text/html;charset=utf-8" />
  <meta name='ocr-system' content='tesseract 3.04.00' />
  <meta name='ocr-capabilities' content='ocr_page ocr_carea ocr_par ocr_line ocrx_word'/>
</head>
<body>
  <div class='ocr_page' id='page_1' title='image "./sexjuliifrontin01dedegoog_0132.png"; bbox 0 0 2978 4988; ppageno 0'>
   <div class='ocr_carea' id='block_1_1' title="bbox 467 330 1404 426">
    <p class='ocr_par' dir='ltr' id='par_1_1' title="bbox 467 330 1404 426">
     <span class='ocr_line' id='line_1_1' title="bbox 467 330 1404 426; baseline -0.003 -17"><span class='ocrx_word' id='word_1_1' title='bbox 467 333 538 409; x_wconf 80' lang='lat' dir='ltr'>DE</span> <span class='ocrx_word' id='word_1_2' title='bbox 564 333 753 426; x_wconf 78' lang='lat' dir='ltr'><strong>AOUAE</strong></span> <span class='ocrx_word' id='word_1_3' title='bbox 778 333 1059 413; x_wconf 69' lang='lat' dir='ltr'>evorinus.</span> <span class='ocrx_word' id='word_1_4' title='bbox 1354 330 1404 407; x_wconf 82' lang='grc'>89</span> 
     </span>
    </p>
   </div>
   <div class='ocr_carea' id='block_1_2' title="bbox 123 564 1335 1937">
    <p class='ocr_par' dir='ltr' id='par_1_2' title="bbox 123 564 1335 1937">
     <span class='ocr_line' id='line_1_2' title="bbox 125 564 1306 663; baseline 0.002 -26"><span class='ocrx_word' id='word_1_5' title='bbox 125 566 301 662; x_wconf 90' lang='lat' dir='ltr'>impetrati</span> <span class='ocrx_word' id='word_1_6' title='bbox 326 564 485 638; x_wconf 88' lang='lat' dir='ltr'>beneficii</span> <span class='ocrx_word' id='word_1_7' title='bbox 510 568 685 662; x_wconf 70' lang='lat' dir='ltr'>privatos,</span> <span class='ocrx_word' id='word_1_8' title='bbox 720 567 864 639; x_wconf 89' lang='lat' dir='ltr'>alterum</span> <span class='ocrx_word' id='word_1_9' title='bbox 890 565 934 640; x_wconf 88' lang='lat' dir='ltr'>ad</span> <span class='ocrx_word' id='word_1_10' title='bbox 959 568 1116 663; x_wconf 88' lang='lat' dir='ltr'>ipsorum</span> <span class='ocrx_word' id='word_1_11' title='bbox 1143 564 1306 640; x_wconf 89' lang='lat' dir='ltr'>ductuum</span> 
     </span>
     <span class='ocr_line' id='line_1_3' title="bbox 123 680 1306 781; baseline 0 -27"><span class='ocrx_word' id='word_1_12' title='bbox 123 686 278 778; x_wconf 82' lang='lat' dir='ltr'><strong>pertinet</strong></span> <span class='ocrx_word' id='word_1_13' title='bbox 307 681 459 755; x_wconf 89' lang='lat' dir='ltr'>tutelam.</span> <span class='ocrx_word' id='word_1_14' title='bbox 509 681 551 756; x_wconf 93' lang='lat' dir='ltr'>In</span> <span class='ocrx_word' id='word_1_15' title='bbox 583 683 709 778; x_wconf 88' lang='lat' dir='ltr'>quibus</span> <span class='ocrx_word' id='word_1_16' title='bbox 742 680 822 755; x_wconf 93' lang='lat' dir='ltr'>dum</span> <span class='ocrx_word' id='word_1_17' title='bbox 853 682 955 755; x_wconf 89' lang='lat' dir='ltr'>altius</span> <span class='ocrx_word' id='word_1_18' title='bbox 985 693 1107 779; x_wconf 81' lang='lat' dir='ltr'>repeto</span> <span class='ocrx_word' id='word_1_19' title='bbox 1132 683 1236 781; x_wconf 85' lang='lat' dir='ltr'>leges</span> <span class='ocrx_word' id='word_1_20' title='bbox 1262 681 1306 754; x_wconf 89' lang='lat' dir='ltr'>de</span> 
     </span>
     <span class='ocr_line' id='line_1_4' title="bbox 125 796 1308 895; baseline 0 -26"><span class='ocrx_word' id='word_1_21' title='bbox 125 796 281 893; x_wconf 82' lang='lat' dir='ltr'>singulis</span> <span class='ocrx_word' id='word_1_22' title='bbox 305 797 475 893; x_wconf 74' lang='lat' dir='ltr'>perlatae,</span> <span class='ocrx_word' id='word_1_23' title='bbox 512 798 682 894; x_wconf 83' lang='lat' dir='ltr'><strong>quaedam</strong></span> <span class='ocrx_word' id='word_1_24' title='bbox 708 796 801 895; x_wconf 90' lang='lat' dir='ltr'>apud</span> <span class='ocrx_word' id='word_1_25' title='bbox 825 806 967 871; x_wconf 90' lang='lat' dir='ltr'>veteres</span> <span class='ocrx_word' id='word_1_26' title='bbox 995 798 1094 870; x_wconf 85' lang='lat' dir='ltr'>aliter·</span> <span class='ocrx_word' id='word_1_27' title='bbox 1120 799 1308 872; x_wconf 84' lang='lat' dir='ltr'>observata</span> 
     </span>
     <span class='ocr_line' id='line_1_5' title="bbox 126 912 1335 1012; baseline 0.004 -30"><span class='ocrx_word' id='word_1_28' title='bbox 126 912 263 985; x_wconf 90' lang='lat' dir='ltr'>inveni:</span> <span class='ocrx_word' id='word_1_29' title='bbox 300 912 391 1010; x_wconf 90' lang='lat' dir='ltr'>apud</span> <span class='ocrx_word' id='word_1_30' title='bbox 423 937 513 1008; x_wconf 89' lang='lat' dir='ltr'>quos</span> <span class='ocrx_word' id='word_1_31' title='bbox 545 914 656 987; x_wconf 90' lang='lat' dir='ltr'>omnis</span> <span class='ocrx_word' id='word_1_32' title='bbox 689 937 778 1009; x_wconf 88' lang='lat' dir='ltr'>aqua</span> <span class='ocrx_word' id='word_1_33' title='bbox 808 914 843 984; x_wconf 96' lang='lat' dir='ltr'>in</span> <span class='ocrx_word' id='word_1_34' title='bbox 873 935 963 984; x_wconf 87' lang='lat' dir='ltr'>usus</span> <span class='ocrx_word' id='word_1_35' title='bbox 988 913 1148 1009; x_wconf 85' lang='lat' dir='ltr'>publicos</span> <span class='ocrx_word' id='word_1_36' title='bbox 1176 924 1335 1012; x_wconf 81' lang='lat' dir='ltr'>eroga-&#39;</span> 
     </span>
     <span class='ocr_line' id='line_1_6' title="bbox 126 1028 1308 1126; baseline -0.001 -25"><span class='ocrx_word' id='word_1_37' title='bbox 126 1028 249 1119; x_wconf 75' lang='lat' dir='ltr'>batur,</span> <span class='ocrx_word' id='word_1_38' title='bbox 286 1039 321 1100; x_wconf 88' lang='lat' dir='ltr'>et</span> <span class='ocrx_word' id='word_1_39' title='bbox 352 1041 490 1103; x_wconf 86' lang='lat' dir='ltr'>cautum</span> <span class='ocrx_word' id='word_1_40' title='bbox 520 1030 570 1104; x_wconf 88' lang='lat' dir='ltr'>ita</span> <span class='ocrx_word' id='word_1_41' title='bbox 596 1029 675 1102; x_wconf 83' lang='lat' dir='ltr'>suit:</span> <span class='ocrx_word' id='word_1_42' title='bbox 711 1053 762 1102; x_wconf 91' lang='lat' dir='ltr'>ne</span> <span class='ocrx_word' id='word_1_43' title='bbox 796 1028 893 1124; x_wconf 89' lang='lat' dir='ltr'>quis</span> <span class='ocrx_word' id='word_1_44' title='bbox 926 1028 1127 1126; x_wconf 87' lang='lat' dir='ltr'>privatus</span> <span class='ocrx_word' id='word_1_45' title='bbox 1160 1053 1308 1126; x_wconf 91' lang='lat' dir='ltr'>aquam</span> 
     </span>
     <span class='ocr_line' id='line_1_7' title="bbox 127 1141 1306 1241; baseline -0.001 -25"><span class='ocrx_word' id='word_1_46' title='bbox 127 1143 255 1217; x_wconf 87' lang='lat' dir='ltr'>aliam</span> <span class='ocrx_word' id='word_1_47' title='bbox 281 1142 424 1238; x_wconf 83' lang='lat' dir='ltr'>ducat,</span> <span class='ocrx_word' id='word_1_48' title='bbox 453 1168 572 1240; x_wconf 91' lang='lat' dir='ltr'>quam</span> <span class='ocrx_word' id='word_1_49' title='bbox 599 1168 705 1241; x_wconf 89' lang='lat' dir='ltr'>qnae</span> <span class='ocrx_word' id='word_1_50' title='bbox 733 1169 784 1218; x_wconf 89' lang='lat' dir='ltr'>ex</span> <span class='ocrx_word' id='word_1_51' title='bbox 809 1145 907 1219; x_wconf 90' lang='lat' dir='ltr'>lacu</span> <span class='ocrx_word' id='word_1_52' title='bbox 932 1141 1096 1217; x_wconf 87' lang='lat' dir='ltr'>humum</span> <span class='ocrx_word' id='word_1_53' title='bbox 1121 1144 1306 1218; x_wconf 87' lang='lat' dir='ltr'>accidit:</span> 
     </span>
     <span class='ocr_line' id='line_1_8' title="bbox 130 1258 1310 1358; baseline 0 -26"><span class='ocrx_word' id='word_1_54' title='bbox 130 1258 243 1355; x_wconf 73' lang='lat' dir='ltr'>(haec</span> <span class='ocrx_word' id='word_1_55' title='bbox 269 1261 359 1333; x_wconf 88' lang='lat' dir='ltr'>enim</span> <span class='ocrx_word' id='word_1_56' title='bbox 384 1273 466 1332; x_wconf 89' lang='lat' dir='ltr'>sunt</span> <span class='ocrx_word' id='word_1_57' title='bbox 490 1262 601 1335; x_wconf 89' lang='lat' dir='ltr'>verba</span> <span class='ocrx_word' id='word_1_58' title='bbox 626 1263 702 1334; x_wconf 87' lang='lat' dir='ltr'>eius</span> <span class='ocrx_word' id='word_1_59' title='bbox 728 1261 820 1358; x_wconf 83' lang='lat' dir='ltr'>legis</span> <span class='ocrx_word' id='word_1_60' title='bbox 831 1259 866 1356; x_wconf 99' lang='lat' dir='ltr'>J</span> <span class='ocrx_word' id='word_1_61' title='bbox 899 1259 936 1333; x_wconf 95' lang='lat' dir='ltr'>id</span> <span class='ocrx_word' id='word_1_62' title='bbox 961 1272 1017 1333; x_wconf 91' lang='lat' dir='ltr'>est</span> <span class='ocrx_word' id='word_1_63' title='bbox 1042 1284 1131 1356; x_wconf 89' lang='lat' dir='ltr'>quae</span> <span class='ocrx_word' id='word_1_64' title='bbox 1159 1285 1204 1334; x_wconf 85' lang='lat' dir='ltr'>ex</span> <span class='ocrx_word' id='word_1_65' title='bbox 1230 1261 1310 1333; x_wconf 86' lang='lat' dir='ltr'>lacu</span> 
     </span>
     <span class='ocr_line' id='line_1_9' title="bbox 129 1373 1309 1474; baseline 0.001 -26"><span class='ocrx_word' id='word_1_66' title='bbox 129 1373 337 1449; x_wconf 90' lang='lat' dir='ltr'>abundavit:</span> <span class='ocrx_word' id='word_1_67' title='bbox 366 1401 444 1450; x_wconf 91' lang='lat' dir='ltr'>eam</span> <span class='ocrx_word' id='word_1_68' title='bbox 463 1401 530 1450; x_wconf 91' lang='lat' dir='ltr'>nos</span> <span class='ocrx_word' id='word_1_69' title='bbox 551 1376 717 1450; x_wconf 80' lang='lat' dir='ltr'>caducam</span> <span class='ocrx_word' id='word_1_70' title='bbox 737 1401 918 1451; x_wconf 81' lang='lat' dir='ltr'>vocamus,</span> <span class='ocrx_word' id='word_1_71' title='bbox 959 1375 1009 1450; x_wconf 77' lang='lat' dir='ltr'>lit</span> <span class='ocrx_word' id='word_1_72' title='bbox 1034 1375 1122 1450; x_wconf 88' lang='lat' dir='ltr'>haee</span> <span class='ocrx_word' id='word_1_73' title='bbox 1143 1377 1222 1474; x_wconf 86' lang='lat' dir='ltr'>ipsa</span> <span class='ocrx_word' id='word_1_74' title='bbox 1240 1399 1309 1449; x_wconf 95' lang='lat' dir='ltr'>non</span> 
     </span>
     <span class='ocr_line' id='line_1_10' title="bbox 128 1491 1309 1588; baseline 0 -24"><span class='ocrx_word' id='word_1_75' title='bbox 128 1491 164 1565; x_wconf 91' lang='lat' dir='ltr'>in</span> <span class='ocrx_word' id='word_1_76' title='bbox 191 1492 293 1565; x_wconf 89' lang='lat' dir='ltr'>alium</span> <span class='ocrx_word' id='word_1_77' title='bbox 320 1516 441 1587; x_wconf 80' lang='lat' dir='ltr'>usum,</span> <span class='ocrx_word' id='word_1_78' title='bbox 470 1516 572 1588; x_wconf 88' lang='lat' dir='ltr'>quam</span> <span class='ocrx_word' id='word_1_79' title='bbox 596 1495 631 1566; x_wconf 91' lang='lat' dir='ltr'>in</span> <span class='ocrx_word' id='word_1_80' title='bbox 651 1493 851 1568; x_wconf 87' lang='lat' dir='ltr'>balnearum</span> <span class='ocrx_word' id='word_1_81' title='bbox 878 1504 912 1567; x_wconf 91' lang='lat' dir='ltr'>et</span> <span class='ocrx_word' id='word_1_82' title='bbox 937 1492 1177 1566; x_wconf 77' lang='lat' dir='ltr'>fullonioarum</span> <span class='ocrx_word' id='word_1_83' title='bbox 1198 1491 1309 1566; x_wconf 89' lang='lat' dir='ltr'>daba-</span> 
     </span>
     <span class='ocr_line' id='line_1_11' title="bbox 128 1606 1309 1711; baseline 0.001 -32"><span class='ocrx_word' id='word_1_84' title='bbox 128 1621 203 1699; x_wconf 82' lang='lat' dir='ltr'>tur3</span> <span class='ocrx_word' id='word_1_85' title='bbox 232 1617 375 1711; x_wconf 83' lang='lat' dir='ltr'>eratque</span> <span class='ocrx_word' id='word_1_86' title='bbox 400 1609 606 1706; x_wconf 80' lang='lat' dir='ltr'>vectigalis,</span> <span class='ocrx_word' id='word_1_87' title='bbox 635 1620 763 1683; x_wconf 87' lang='lat' dir='ltr'>statuta</span> <span class='ocrx_word' id='word_1_88' title='bbox 787 1607 968 1706; x_wconf 84' lang='lat' dir='ltr'>mercede,</span> <span class='ocrx_word' id='word_1_89' title='bbox 999 1633 1087 1705; x_wconf 90' lang='lat' dir='ltr'>quae</span> <span class='ocrx_word' id='word_1_90' title='bbox 1112 1610 1147 1681; x_wconf 94' lang='lat' dir='ltr'>in</span> <span class='ocrx_word' id='word_1_91' title='bbox 1169 1606 1309 1707; x_wconf 90' lang='lat' dir='ltr'>publico</span> 
     </span>
     <span class='ocr_line' id='line_1_12' title="bbox 129 1722 1310 1823; baseline 0.003 -28"><span class='ocrx_word' id='word_1_92' title='bbox 129 1722 407 1821; x_wconf 85' lang='lat' dir='ltr'>impenderetur:</span> <span class='ocrx_word' id='word_1_93' title='bbox 435 1724 565 1820; x_wconf 91' lang='lat' dir='ltr'>aliquid</span> <span class='ocrx_word' id='word_1_94' title='bbox 591 1735 625 1798; x_wconf 91' lang='lat' dir='ltr'>et</span> <span class='ocrx_word' id='word_1_95' title='bbox 649 1727 684 1798; x_wconf 96' lang='lat' dir='ltr'>in</span> <span class='ocrx_word' id='word_1_96' title='bbox 705 1725 829 1800; x_wconf 91' lang='lat' dir='ltr'>domos</span> <span class='ocrx_word' id='word_1_97' title='bbox 854 1725 1047 1823; x_wconf 87' lang='lat' dir='ltr'>principum</span> <span class='ocrx_word' id='word_1_98' title='bbox 1074 1726 1223 1799; x_wconf 87' lang='lat' dir='ltr'>civitatis</span> <span class='ocrx_word' id='word_1_99' title='bbox 1244 1724 1310 1798; x_wconf 85' lang='lat' dir='ltr'>da-</span> 
     </span>
     <span class='ocr_line' id='line_1_13' title="bbox 128 1838 721 1937; baseline 0.005 -25"><span class='ocrx_word' id='word_1_100' title='bbox 128 1839 248 1933; x_wconf 83' lang='lat' dir='ltr'>batur,</span> <span class='ocrx_word' id='word_1_101' title='bbox 277 1838 548 1915; x_wconf 83' lang='lat' dir='ltr'>concedentibus</span> <span class='ocrx_word' id='word_1_102' title='bbox 568 1841 721 1937; x_wconf 80' lang='lat' dir='ltr'>reliquis,</span> 
     </span>
    </p>
   </div>
   <div class='ocr_carea' id='block_1_3' title="bbox 135 2060 369 2072">
    <p class='ocr_par' dir='ltr' id='par_1_3' title="bbox 135 2060 369 2072">
     <span class='ocr_line' id='line_1_14' title="bbox 135 2060 369 2072; baseline 0 0"><span class='ocrx_word' id='word_1_103' title='bbox 135 2060 369 2072; x_wconf 68' lang='lat' dir='ltr'>-nn-—n-——u</span> 
     </span>
    </p>
   </div>
   <div class='ocr_carea' id='block_1_4' title="bbox 90 2208 1324 4579">
    <p class='ocr_par' dir='ltr' id='par_1_4' title="bbox 90 2208 1324 4579">
     <span class='ocr_line' id='line_1_15' title="bbox 172 2208 1312 2301; baseline -0.002 -28"><span class='ocrx_word' id='word_1_104' title='bbox 172 2208 404 2292; x_wconf 79' lang='lat' dir='ltr'>opud—quoa)</span> <span class='ocrx_word' id='word_1_105' title='bbox 426 2208 494 2271; x_wconf 87' lang='lat' dir='ltr'>Non</span> <span class='ocrx_word' id='word_1_106' title='bbox 516 2208 669 2271; x_wconf 90' lang='lat' dir='ltr'>toleranda</span> <span class='ocrx_word' id='word_1_107' title='bbox 690 2210 848 2272; x_wconf 88' lang='lat' dir='ltr'>videbatur</span> <span class='ocrx_word' id='word_1_108' title='bbox 869 2208 1010 2272; x_wconf 83' lang='lat' dir='ltr'>librorum</span> <span class='ocrx_word' id='word_1_109' title='bbox 1032 2211 1123 2272; x_wconf 90' lang='lat' dir='ltr'>lectio</span> <span class='ocrx_word' id='word_1_110' title='bbox 1146 2211 1233 2293; x_wconf 82' lang='lat' dir='ltr'>opud</span> <span class='ocrx_word' id='word_1_111' title='bbox 1253 2230 1312 2301; x_wconf 41' lang='lat' dir='ltr'>un·-</span> 
     </span>
     <span class='ocr_line' id='line_1_16' title="bbox 131 2310 1314 2394; baseline -0.002 -22"><span class='ocrx_word' id='word_1_112' title='bbox 131 2315 251 2394; x_wconf 78' lang='lat' dir='ltr'>tipuoa,</span> <span class='ocrx_word' id='word_1_113' title='bbox 282 2328 347 2370; x_wconf 86' lang='lat' dir='ltr'>cunr</span> <span class='ocrx_word' id='word_1_114' title='bbox 375 2311 485 2390; x_wconf 88' lang='lat' dir='ltr'>ubique</span> <span class='ocrx_word' id='word_1_115' title='bbox 514 2313 618 2371; x_wconf 84' lang='lat' dir='ltr'>noster</span> <span class='ocrx_word' id='word_1_116' title='bbox 644 2328 681 2370; x_wconf 92' lang='lat' dir='ltr'>eo</span> <span class='ocrx_word' id='word_1_117' title='bbox 709 2310 738 2369; x_wconf 92' lang='lat' dir='ltr'>in</span> <span class='ocrx_word' id='word_1_118' title='bbox 764 2327 879 2385; x_wconf 81' lang='lat' dir='ltr'>genere</span> <span class='ocrx_word' id='word_1_119' title='bbox 906 2320 1026 2372; x_wconf 76' lang='lat' dir='ltr'>veteres</span> <span class='ocrx_word' id='word_1_120' title='bbox 1051 2314 1134 2372; x_wconf 85' lang='lat' dir='ltr'>reete</span> <span class='ocrx_word' id='word_1_121' title='bbox 1157 2310 1252 2390; x_wconf 87' lang='lat' dir='ltr'>dieat,</span> <span class='ocrx_word' id='word_1_122' title='bbox 1282 2313 1314 2370; x_wconf 91' lang='lat' dir='ltr'>et</span> 
     </span>
     <span class='ocr_line' id='line_1_17' title="bbox 133 2408 1027 2492; baseline -0.003 -19"><span class='ocrx_word' id='word_1_123' title='bbox 133 2409 219 2492; x_wconf 81' lang='lat' dir='ltr'>opud</span> <span class='ocrx_word' id='word_1_124' title='bbox 240 2419 359 2471; x_wconf 83' lang='lat' dir='ltr'>veteres</span> <span class='ocrx_word' id='word_1_125' title='bbox 380 2408 558 2488; x_wconf 81' lang='lat' dir='ltr'>praecedat:</span> <span class='ocrx_word' id='word_1_126' title='bbox 581 2426 670 2490; x_wconf 89' lang='lat' dir='ltr'>quare</span> <span class='ocrx_word' id='word_1_127' title='bbox 693 2410 814 2469; x_wconf 83' lang='lat' dir='ltr'>correxi</span> <span class='ocrx_word' id='word_1_128' title='bbox 835 2408 921 2490; x_wconf 82' lang='lat' dir='ltr'>opud</span> <span class='ocrx_word' id='word_1_129' title='bbox 941 2429 1027 2491; x_wconf 78' lang='lat' dir='ltr'>quoe.</span> 
     </span>
     <span class='ocr_line' id='line_1_18' title="bbox 175 2503 1313 2589; baseline -0.001 -18"><span class='ocrx_word' id='word_1_130' title='bbox 175 2503 523 2589; x_wconf 69' lang='lat' dir='ltr'>omnia—mopuduturJ</span> <span class='ocrx_word' id='word_1_131' title='bbox 546 2507 599 2570; x_wconf 88' lang='lat' dir='ltr'>Sio</span> <span class='ocrx_word' id='word_1_132' title='bbox 622 2527 662 2569; x_wconf 89' lang='lat' dir='ltr'>ex</span> <span class='ocrx_word' id='word_1_133' title='bbox 683 2508 822 2569; x_wconf 88' lang='lat' dir='ltr'>Jetreo.</span> <span class='ocrx_word' id='word_1_134' title='bbox 843 2505 909 2568; x_wconf 84' lang='lat' dir='ltr'>Pol.</span> <span class='ocrx_word' id='word_1_135' title='bbox 933 2505 1029 2570; x_wconf 85' lang='lat' dir='ltr'>Codd.</span> <span class='ocrx_word' id='word_1_136' title='bbox 1052 2513 1083 2569; x_wconf 88' lang='lat' dir='ltr'>et</span> <span class='ocrx_word' id='word_1_137' title='bbox 1102 2506 1144 2570; x_wconf 77' lang='lat' dir='ltr'>r:</span> <span class='ocrx_word' id='word_1_138' title='bbox 1167 2524 1313 2570; x_wconf 75' lang='lat' dir='ltr'>omnes-</span> 
     </span>
     <span class='ocr_line' id='line_1_19' title="bbox 135 2619 289 2690; baseline -0.019 -19"><span class='ocrx_word' id='word_1_139' title='bbox 135 2619 289 2690; x_wconf 75' lang='lat' dir='ltr'>eropuiur.</span> 
     </span>
     <span class='ocr_line' id='line_1_20' title="bbox 176 2706 1313 2792; baseline -0.002 -23"><span class='ocrx_word' id='word_1_140' title='bbox 176 2719 207 2770; x_wconf 83' lang='lat' dir='ltr'>et</span> <span class='ocrx_word' id='word_1_141' title='bbox 229 2713 364 2782; x_wconf 82' lang='lat' dir='ltr'>cautum)</span> <span class='ocrx_word' id='word_1_142' title='bbox 390 2706 468 2768; x_wconf 80' lang='lat' dir='ltr'>Tres</span> <span class='ocrx_word' id='word_1_143' title='bbox 490 2707 578 2770; x_wconf 85' lang='lat' dir='ltr'>codd.</span> <span class='ocrx_word' id='word_1_144' title='bbox 609 2711 641 2770; x_wconf 86' lang='lat' dir='ltr'>et</span> <span class='ocrx_word' id='word_1_145' title='bbox 668 2707 708 2769; x_wconf 85' lang='lat' dir='ltr'>F:</span> <span class='ocrx_word' id='word_1_146' title='bbox 735 2726 774 2769; x_wconf 85' lang='lat' dir='ltr'>eo</span> <span class='ocrx_word' id='word_1_147' title='bbox 795 2716 877 2771; x_wconf 81' lang='lat' dir='ltr'>aaut.</span> <span class='ocrx_word' id='word_1_148' title='bbox 898 2707 918 2768; x_wconf 84' lang='lat' dir='ltr'>J</span> <span class='ocrx_word' id='word_1_149' title='bbox 939 2712 971 2769; x_wconf 92' lang='lat' dir='ltr'>et</span> <span class='ocrx_word' id='word_1_150' title='bbox 990 2723 1057 2770; x_wconf 84' lang='lat' dir='ltr'>ree:</span> <span class='ocrx_word' id='word_1_151' title='bbox 1085 2708 1210 2792; x_wconf 77' lang='lat' dir='ltr'>iepepne</span> <span class='ocrx_word' id='word_1_152' title='bbox 1230 2716 1313 2770; x_wconf 81' lang='lat' dir='ltr'>eunt.</span> 
     </span>
     <span class='ocr_line' id='line_1_21' title="bbox 136 2804 1314 2884; baseline -0.002 -15"><span class='ocrx_word' id='word_1_153' title='bbox 136 2807 203 2872; x_wconf 81' lang='lat' dir='ltr'>Pol.</span> <span class='ocrx_word' id='word_1_154' title='bbox 231 2808 400 2869; x_wconf 85' lang='lat' dir='ltr'>emendavit</span> <span class='ocrx_word' id='word_1_155' title='bbox 426 2816 457 2868; x_wconf 83' lang='lat' dir='ltr'>et</span> <span class='ocrx_word' id='word_1_156' title='bbox 462 2825 478 2884; x_wconf 85' lang='lat'>,·</span> <span class='ocrx_word' id='word_1_157' title='bbox 508 2804 633 2870; x_wconf 81' lang='lat' dir='ltr'>Corrad.</span> <span class='ocrx_word' id='word_1_158' title='bbox 661 2812 692 2870; x_wconf 89' lang='lat' dir='ltr'>et</span> <span class='ocrx_word' id='word_1_159' title='bbox 719 2804 792 2869; x_wconf 84' lang='lat' dir='ltr'>Scir.</span> <span class='ocrx_word' id='word_1_160' title='bbox 816 2826 868 2884; x_wconf 85' lang='lat' dir='ltr'>eo,</span> <span class='ocrx_word' id='word_1_161' title='bbox 896 2806 917 2869; x_wconf 88' lang='lat' dir='ltr'>i.</span> <span class='ocrx_word' id='word_1_162' title='bbox 939 2826 966 2869; x_wconf 87' lang='lat' dir='ltr'>e.</span> <span class='ocrx_word' id='word_1_163' title='bbox 988 2808 1069 2870; x_wconf 86' lang='lat' dir='ltr'>ideo.</span> <span class='ocrx_word' id='word_1_164' title='bbox 1113 2807 1203 2870; x_wconf 89' lang='lat' dir='ltr'>Immo</span> <span class='ocrx_word' id='word_1_165' title='bbox 1224 2808 1314 2868; x_wconf 82' lang='lat' dir='ltr'>etia&#39;m</span> 
     </span>
     <span class='ocr_line' id='line_1_22' title="bbox 136 2904 1315 2990; baseline -0.003 -20"><span class='ocrx_word' id='word_1_166' title='bbox 136 2908 205 2971; x_wconf 82' lang='lat' dir='ltr'>nrt.</span> <span class='ocrx_word' id='word_1_167' title='bbox 227 2913 266 2968; x_wconf 81' lang='grc'>96</span> <span class='ocrx_word' id='word_1_168' title='bbox 292 2906 386 2968; x_wconf 89' lang='lat' dir='ltr'>verba</span> <span class='ocrx_word' id='word_1_169' title='bbox 412 2916 442 2967; x_wconf 84' lang='lat' dir='ltr'>et</span> <span class='ocrx_word' id='word_1_170' title='bbox 467 2906 584 2989; x_wconf 76' lang='lat' dir='ltr'>quidem</span> <span class='ocrx_word' id='word_1_171' title='bbox 605 2911 651 2969; x_wconf 82' lang='lat' dir='ltr'>ita</span> <span class='ocrx_word' id='word_1_172' title='bbox 679 2909 709 2969; x_wconf 89' lang='grc'>111</span> <span class='ocrx_word' id='word_1_173' title='bbox 731 2904 757 2969; x_wconf 85' lang='lat' dir='ltr'>C</span> <span class='ocrx_word' id='word_1_174' title='bbox 778 2908 976 2987; x_wconf 86' lang='lat' dir='ltr'>depravantur</span> <span class='ocrx_word' id='word_1_175' title='bbox 1004 2909 1034 2968; x_wconf 93' lang='lat' dir='ltr'>in</span> <span class='ocrx_word' id='word_1_176' title='bbox 1062 2927 1100 2970; x_wconf 80' lang='lat' dir='ltr'>ee</span> <span class='ocrx_word' id='word_1_177' title='bbox 1121 2907 1240 2990; x_wconf 74' lang='lat' dir='ltr'>quidem</span> <span class='ocrx_word' id='word_1_178' title='bbox 1260 2910 1315 2982; x_wconf 83' lang='lat' dir='ltr'>ito,</span> 
     </span>
     <span class='ocr_line' id='line_1_23' title="bbox 138 3003 1316 3088; baseline 0 -20"><span class='ocrx_word' id='word_1_179' title='bbox 138 3007 298 3088; x_wconf 89' lang='lat' dir='ltr'>eademque</span> <span class='ocrx_word' id='word_1_180' title='bbox 318 3004 469 3066; x_wconf 81' lang='lat' dir='ltr'>vocabula</span> <span class='ocrx_word' id='word_1_181' title='bbox 491 3009 644 3081; x_wconf 80' lang='lat' dir='ltr'>(et-eu]</span> <span class='ocrx_word' id='word_1_182' title='bbox 665 3007 1023 3087; x_wconf 83' lang='lat' dir='ltr'>permutanturArt.100</span> <span class='ocrx_word' id='word_1_183' title='bbox 1045 3013 1076 3069; x_wconf 88' lang='lat' dir='ltr'>et</span> <span class='ocrx_word' id='word_1_184' title='bbox 1096 3007 1177 3070; x_wconf 84' lang='lat' dir='ltr'>alibi.</span> <span class='ocrx_word' id='word_1_185' title='bbox 1204 3003 1246 3067; x_wconf 89' lang='lat' dir='ltr'>Ut</span> <span class='ocrx_word' id='word_1_186' title='bbox 1267 3008 1316 3068; x_wconf 67' lang='lat' dir='ltr'>a:</span> 
     </span>
     <span class='ocr_line' id='line_1_24' title="bbox 138 3105 1315 3189; baseline -0.001 -23"><span class='ocrx_word' id='word_1_187' title='bbox 138 3124 203 3167; x_wconf 91' lang='lat' dir='ltr'>men</span> <span class='ocrx_word' id='word_1_188' title='bbox 229 3106 341 3180; x_wconf 84' lang='lat' dir='ltr'>dicam,</span> <span class='ocrx_word' id='word_1_189' title='bbox 371 3106 450 3187; x_wconf 90' lang='lat' dir='ltr'>quod</span> <span class='ocrx_word' id='word_1_190' title='bbox 478 3107 594 3167; x_wconf 87' lang='lat' dir='ltr'>sentio:</span> <span class='ocrx_word' id='word_1_191' title='bbox 624 3110 716 3167; x_wconf 88' lang='lat' dir='ltr'>totum</span> <span class='ocrx_word' id='word_1_192' title='bbox 747 3106 843 3167; x_wconf 88' lang='lat' dir='ltr'>locum</span> <span class='ocrx_word' id='word_1_193' title='bbox 866 3124 883 3166; x_wconf 93' lang='lat' dir='ltr'>a</span> <span class='ocrx_word' id='word_1_194' title='bbox 903 3105 1006 3167; x_wconf 81' lang='lat' dir='ltr'>verbis</span> <span class='ocrx_word' id='word_1_195' title='bbox 1034 3105 1071 3166; x_wconf 85' lang='lat' dir='ltr'>In</span> <span class='ocrx_word' id='word_1_196' title='bbox 1092 3106 1200 3189; x_wconf 78' lang='lat' dir='ltr'>qrtidua</span> <span class='ocrx_word' id='word_1_197' title='bbox 1222 3105 1315 3180; x_wconf 79' lang='lat' dir='ltr'>longe</span> 
     </span>
     <span class='ocr_line' id='line_1_25' title="bbox 139 3201 1316 3286; baseline -0.003 -20"><span class='ocrx_word' id='word_1_198' title='bbox 139 3205 223 3267; x_wconf 90' lang='lat' dir='ltr'>aiiam</span> <span class='ocrx_word' id='word_1_199' title='bbox 251 3206 357 3266; x_wconf 84' lang='lat' dir='ltr'>faeiem</span> <span class='ocrx_word' id='word_1_200' title='bbox 385 3223 457 3284; x_wconf 86' lang='lat' dir='ltr'>prae</span> <span class='ocrx_word' id='word_1_201' title='bbox 485 3223 519 3266; x_wconf 85' lang='lat' dir='ltr'>se</span> <span class='ocrx_word' id='word_1_202' title='bbox 542 3204 646 3266; x_wconf 87' lang='lat' dir='ltr'>tulisse</span> <span class='ocrx_word' id='word_1_203' title='bbox 669 3206 790 3284; x_wconf 82' lang='lat' dir='ltr'>opinor,</span> <span class='ocrx_word' id='word_1_204' title='bbox 819 3209 907 3286; x_wconf 87' lang='lat' dir='ltr'>atque</span> <span class='ocrx_word' id='word_1_205' title='bbox 928 3224 983 3284; x_wconf 86' lang='lat' dir='ltr'>per</span> <span class='ocrx_word' id='word_1_206' title='bbox 1004 3205 1148 3267; x_wconf 89' lang='lat' dir='ltr'>Poienum</span> <span class='ocrx_word' id='word_1_207' title='bbox 1170 3206 1200 3264; x_wconf 92' lang='lat' dir='ltr'>in</span> <span class='ocrx_word' id='word_1_208' title='bbox 1220 3201 1316 3263; x_wconf 81' lang='lat' dir='ltr'>lucem</span> 
     </span>
     <span class='ocr_line' id='line_1_26' title="bbox 139 3303 1316 3387; baseline -0.006 -20"><span class='ocrx_word' id='word_1_209' title='bbox 139 3306 219 3367; x_wconf 90' lang='lat' dir='ltr'>edita</span> <span class='ocrx_word' id='word_1_210' title='bbox 241 3308 305 3383; x_wconf 82' lang='lat' dir='ltr'>est3</span> <span class='ocrx_word' id='word_1_211' title='bbox 328 3322 412 3385; x_wconf 89' lang='lat' dir='ltr'>quam</span> <span class='ocrx_word' id='word_1_212' title='bbox 428 3305 535 3365; x_wconf 81' lang='lat' dir='ltr'>faciem</span> <span class='ocrx_word' id='word_1_213' title='bbox 550 3309 582 3366; x_wconf 87' lang='lat' dir='ltr'>ut</span> <span class='ocrx_word' id='word_1_214' title='bbox 596 3306 830 3383; x_wconf 82' lang='lat' dir='ltr'>investigarem,</span> <span class='ocrx_word' id='word_1_215' title='bbox 853 3303 950 3365; x_wconf 89' lang='lat' dir='ltr'>adhuc</span> <span class='ocrx_word' id='word_1_216' title='bbox 964 3305 1156 3387; x_wconf 83' lang='lat' dir='ltr'>nequicquam</span> <span class='ocrx_word' id='word_1_217' title='bbox 1173 3303 1316 3364; x_wconf 82' lang='lat' dir='ltr'>laboravi.</span> 
     </span>
     <span class='ocr_line' id='line_1_27' title="bbox 178 3403 930 3486; baseline 0.004 -20"><span class='ocrx_word' id='word_1_218' title='bbox 178 3425 217 3466; x_wconf 84' lang='lat' dir='ltr'>ue</span> <span class='ocrx_word' id='word_1_219' title='bbox 238 3407 321 3486; x_wconf 78' lang='lat' dir='ltr'>quie)</span> <span class='ocrx_word' id='word_1_220' title='bbox 342 3403 389 3466; x_wconf 85' lang='lat' dir='ltr'>V:</span> <span class='ocrx_word' id='word_1_221' title='bbox 412 3413 445 3466; x_wconf 83' lang='lat' dir='ltr'>ut</span> <span class='ocrx_word' id='word_1_222' title='bbox 465 3423 503 3465; x_wconf 87' lang='lat' dir='ltr'>ne</span> <span class='ocrx_word' id='word_1_223' title='bbox 525 3425 552 3486; x_wconf 82' lang='lat' dir='ltr'>q.</span> <span class='ocrx_word' id='word_1_224' title='bbox 927 3463 930 3469; x_wconf 90' lang='lat'><em>.</em></span> 
     </span>
     <span class='ocr_line' id='line_1_28' title="bbox 179 3499 1318 3587; baseline -0.004 -22"><span class='ocrx_word' id='word_1_225' title='bbox 179 3522 288 3587; x_wconf 78' lang='lat' dir='ltr'>aquom</span> <span class='ocrx_word' id='word_1_226' title='bbox 309 3505 419 3576; x_wconf 83' lang='lat' dir='ltr'>alium)</span> <span class='ocrx_word' id='word_1_227' title='bbox 449 3503 502 3565; x_wconf 89' lang='lat' dir='ltr'>Sic</span> <span class='ocrx_word' id='word_1_228' title='bbox 528 3502 671 3582; x_wconf 86' lang='lat' dir='ltr'>rescripsi</span> <span class='ocrx_word' id='word_1_229' title='bbox 699 3520 739 3563; x_wconf 86' lang='lat' dir='ltr'>ex</span> <span class='ocrx_word' id='word_1_230' title='bbox 764 3502 880 3581; x_wconf 69' lang='lat' dir='ltr'>Pario,</span> <span class='ocrx_word' id='word_1_231' title='bbox 909 3522 972 3564; x_wconf 90' lang='lat' dir='ltr'>oum</span> <span class='ocrx_word' id='word_1_232' title='bbox 999 3505 1092 3564; x_wconf 85' lang='lat' dir='ltr'>ceteri</span> <span class='ocrx_word' id='word_1_233' title='bbox 1122 3501 1189 3563; x_wconf 84' lang='lat' dir='ltr'>libri</span> <span class='ocrx_word' id='word_1_234' title='bbox 1210 3499 1318 3562; x_wconf 81' lang='lat' dir='ltr'>&#39;omnes</span> 
     </span>
     <span class='ocr_line' id='line_1_29' title="bbox 140 3600 1318 3686; baseline 0 -24"><span class='ocrx_word' id='word_1_235' title='bbox 140 3603 280 3680; x_wconf 74' lang='lat' dir='ltr'>ignorent</span> <span class='ocrx_word' id='word_1_236' title='bbox 300 3622 421 3686; x_wconf 78' lang='lat' dir='ltr'>uquam.</span> <span class='ocrx_word' id='word_1_237' title='bbox 459 3603 608 3666; x_wconf 81' lang='lat' dir='ltr'>Graevius</span> <span class='ocrx_word' id='word_1_238' title='bbox 629 3603 658 3663; x_wconf 93' lang='lat' dir='ltr'>in</span> <span class='ocrx_word' id='word_1_239' title='bbox 680 3602 809 3667; x_wconf 84' lang='lat' dir='ltr'>Praeiat.</span> <span class='ocrx_word' id='word_1_240' title='bbox 831 3605 869 3664; x_wconf 85' lang='lat' dir='ltr'>ad</span> <span class='ocrx_word' id='word_1_241' title='bbox 889 3602 928 3664; x_wconf 87' lang='grc' dir='ltr'>Τ.</span> <span class='ocrx_word' id='word_1_242' title='bbox 944 3602 998 3667; x_wconf 84' lang='lat' dir='ltr'>lv.</span> <span class='ocrx_word' id='word_1_243' title='bbox 1019 3601 1113 3666; x_wconf 82' lang='lat' dir='ltr'>Thes.</span> <span class='ocrx_word' id='word_1_244' title='bbox 1136 3601 1209 3663; x_wconf 78' lang='lat' dir='ltr'>Ant.</span> <span class='ocrx_word' id='word_1_245' title='bbox 1231 3600 1318 3662; x_wconf 85' lang='lat' dir='ltr'>Rom.</span> 
     </span>
     <span class='ocr_line' id='line_1_30' title="bbox 140 3700 1318 3785; baseline -0.001 -22"><span class='ocrx_word' id='word_1_246' title='bbox 140 3700 234 3780; x_wconf 79' lang='lat' dir='ltr'>legit:</span> <span class='ocrx_word' id='word_1_247' title='bbox 256 3703 389 3785; x_wconf 70' lang='lat' dir='ltr'>aliquam</span> <span class='ocrx_word' id='word_1_248' title='bbox 411 3701 507 3764; x_wconf 83' lang='lat' dir='ltr'>ducat</span> <span class='ocrx_word' id='word_1_249' title='bbox 528 3721 635 3785; x_wconf 81' lang='lat' dir='ltr'>aquom</span> <span class='ocrx_word' id='word_1_250' title='bbox 657 3721 745 3785; x_wconf 81' lang='lat' dir='ltr'>quae.</span> <span class='ocrx_word' id='word_1_251' title='bbox 786 3701 858 3764; x_wconf 87' lang='lat' dir='ltr'>Sch.</span> <span class='ocrx_word' id='word_1_252' title='bbox 881 3703 929 3763; x_wconf 90' lang='lat' dir='ltr'>edi</span> <span class='ocrx_word' id='word_1_253' title='bbox 950 3701 1091 3763; x_wconf 84' lang='lat' dir='ltr'>v&#39;oiehat:</span> <span class='ocrx_word' id='word_1_254' title='bbox 1113 3720 1222 3784; x_wconf 79' lang='lat' dir='ltr'>apuam</span> <span class='ocrx_word' id='word_1_255' title='bbox 1244 3704 1318 3771; x_wconf 84' lang='lat' dir='ltr'>(om.</span> 
     </span>
     <span class='ocr_line' id='line_1_31' title="bbox 141 3802 379 3876; baseline -0.021 -9"><span class='ocrx_word' id='word_1_256' title='bbox 141 3803 251 3876; x_wconf 59' lang='lat' dir='ltr'>wem)</span> <span class='ocrx_word' id='word_1_257' title='bbox 274 3802 379 3864; x_wconf 72' lang='lat' dir='ltr'>duent</span> 
     </span>
     <span class='ocr_line' id='line_1_32' title="bbox 180 3898 1322 3982; baseline -0.005 -18"><span class='ocrx_word' id='word_1_258' title='bbox 180 3900 319 3981; x_wconf 81' lang='lat' dir='ltr'>oceidit)</span> <span class='ocrx_word' id='word_1_259' title='bbox 355 3901 493 3981; x_wconf 78' lang='lat' dir='ltr'>Egregia</span> <span class='ocrx_word' id='word_1_260' title='bbox 528 3902 695 3963; x_wconf 87' lang='lat' dir='ltr'>emendatio</span> <span class='ocrx_word' id='word_1_261' title='bbox 731 3900 882 3964; x_wconf 83' lang='lat' dir='ltr'>Schultzii</span> <span class='ocrx_word' id='word_1_262' title='bbox 914 3904 979 3977; x_wconf 82' lang='lat' dir='ltr'>est,</span> <span class='ocrx_word' id='word_1_263' title='bbox 1023 3918 1106 3982; x_wconf 89' lang='lat' dir='ltr'>qnam</span> <span class='ocrx_word' id='word_1_264' title='bbox 1133 3898 1322 3980; x_wconf 84' lang='lat' dir='ltr'>amplectitur</span> 
     </span>
     <span class='ocr_line' id='line_1_33' title="bbox 140 3999 818 4064; baseline -0.003 0"><span class='ocrx_word' id='word_1_265' title='bbox 140 4000 247 4064; x_wconf 80' lang='lat' dir='ltr'>Heinr.</span> <span class='ocrx_word' id='word_1_266' title='bbox 273 3999 357 4061; x_wconf 83' lang='lat' dir='ltr'>Libri</span> <span class='ocrx_word' id='word_1_267' title='bbox 376 4002 510 4064; x_wconf 81' lang='lat' dir='ltr'>aceedit.</span> <span class='ocrx_word' id='word_1_268' title='bbox 538 4000 586 4064; x_wconf 83' lang='lat' dir='ltr'>Cf.</span> <span class='ocrx_word' id='word_1_269' title='bbox 604 4003 730 4063; x_wconf 86' lang='lat' dir='ltr'>Annott.</span> <span class='ocrx_word' id='word_1_270' title='bbox 815 4014 818 4022; x_wconf 92' lang='grc'><strong><em>·</em></strong></span> 
     </span>
     <span class='ocr_line' id='line_1_34' title="bbox 150 4096 1324 4182; baseline -0.003 -19"><span class='ocrx_word' id='word_1_271' title='bbox 150 4132 153 4136; x_wconf 90' lang='grc'>·</span> <span class='ocrx_word' id='word_1_272' title='bbox 181 4096 279 4163; x_wconf 75' lang='lat' dir='ltr'>mia</span> <span class='ocrx_word' id='word_1_273' title='bbox 298 4103 365 4162; x_wconf 80' lang='lat' dir='ltr'>eiua</span> <span class='ocrx_word' id='word_1_274' title='bbox 386 4100 480 4180; x_wconf 77' lang='lat' dir='ltr'>lepte)</span> <span class='ocrx_word' id='word_1_275' title='bbox 502 4099 527 4163; x_wconf 84' lang='lat' dir='ltr'>C</span> <span class='ocrx_word' id='word_1_276' title='bbox 548 4099 591 4163; x_wconf 89' lang='lat' dir='ltr'>U:</span> <span class='ocrx_word' id='word_1_277' title='bbox 613 4102 708 4164; x_wconf 79' lang='lat' dir='ltr'>verda</span> <span class='ocrx_word' id='word_1_278' title='bbox 729 4110 761 4164; x_wconf 83' lang='lat' dir='ltr'>et</span> <span class='ocrx_word' id='word_1_279' title='bbox 780 4100 873 4182; x_wconf 65' lang='lat' dir='ltr'>oyes.</span> <span class='ocrx_word' id='word_1_280' title='bbox 914 4099 978 4161; x_wconf 84' lang='lat' dir='ltr'>VJ</span> <span class='ocrx_word' id='word_1_281' title='bbox 1000 4102 1031 4162; x_wconf 93' lang='lat' dir='ltr'>et</span> <span class='ocrx_word' id='word_1_282' title='bbox 1050 4115 1118 4161; x_wconf 85' lang='lat' dir='ltr'>rec:</span> <span class='ocrx_word' id='word_1_283' title='bbox 1140 4099 1234 4162; x_wconf 81' lang='lat' dir='ltr'>cerdo</span> <span class='ocrx_word' id='word_1_284' title='bbox 1253 4110 1324 4162; x_wconf 74' lang='lat' dir='ltr'>aaut</span> 
     </span>
     <span class='ocr_line' id='line_1_35' title="bbox 91 4188 1324 4282; baseline -0.006 -17"><span class='ocrx_word' id='word_1_285' title='bbox 91 4188 96 4205; x_wconf 71' lang='grc'>’</span> <span class='ocrx_word' id='word_1_286' title='bbox 143 4204 210 4265; x_wconf 65' lang='lat' dir='ltr'>dut</span> <span class='ocrx_word' id='word_1_287' title='bbox 228 4199 318 4279; x_wconf 72' lang='lat' dir='ltr'>lepit-</span> <span class='ocrx_word' id='word_1_288' title='bbox 359 4197 445 4261; x_wconf 63' lang='lat' dir='ltr'>[inde</span> <span class='ocrx_word' id='word_1_289' title='bbox 466 4219 569 4262; x_wconf 86' lang='lat' dir='ltr'>verum</span> <span class='ocrx_word' id='word_1_290' title='bbox 591 4203 711 4279; x_wconf 86' lang='lat' dir='ltr'>iudico,</span> <span class='ocrx_word' id='word_1_291' title='bbox 738 4203 817 4282; x_wconf 89' lang='lat' dir='ltr'>quod</span> <span class='ocrx_word' id='word_1_292' title='bbox 841 4201 934 4262; x_wconf 87' lang='lat' dir='ltr'>edidi.</span> <span class='ocrx_word' id='word_1_293' title='bbox 963 4199 1117 4263; x_wconf 87' lang='lat' dir='ltr'>Videlicet</span> <span class='ocrx_word' id='word_1_294' title='bbox 1143 4201 1173 4260; x_wconf 92' lang='grc'>111</span> <span class='ocrx_word' id='word_1_295' title='bbox 1196 4199 1221 4262; x_wconf 81' lang='lat' dir='ltr'><strong><em>G</em></strong></span> <span class='ocrx_word' id='word_1_296' title='bbox 1244 4199 1324 4261; x_wconf 81' lang='lat' dir='ltr'>Uet</span> 
     </span>
     <span class='ocr_line' id='line_1_36' title="bbox 146 4296 1319 4381; baseline -0.005 -16"><span class='ocrx_word' id='word_1_297' title='bbox 146 4302 314 4379; x_wconf 70' lang='lat' dir='ltr'>mnan</span> <span class='ocrx_word' id='word_1_298' title='bbox 335 4303 383 4361; x_wconf 73' lang='lat' dir='ltr'>out</span> <span class='ocrx_word' id='word_1_299' title='bbox 404 4317 446 4360; x_wconf 91' lang='lat' dir='ltr'>ex</span> <span class='ocrx_word' id='word_1_300' title='bbox 466 4305 512 4377; x_wconf 85' lang='lat' dir='ltr'>ei,</span> <span class='ocrx_word' id='word_1_301' title='bbox 532 4302 553 4361; x_wconf 91' lang='lat' dir='ltr'>i.</span> <span class='ocrx_word' id='word_1_302' title='bbox 571 4320 598 4365; x_wconf 84' lang='lat' dir='ltr'>e.</span> <span class='ocrx_word' id='word_1_303' title='bbox 620 4308 679 4380; x_wconf 85' lang='lat' dir='ltr'>ci’,</span> <span class='ocrx_word' id='word_1_304' title='bbox 703 4305 723 4367; x_wconf 81' lang='lat' dir='ltr'>i.</span> <span class='ocrx_word' id='word_1_305' title='bbox 738 4320 767 4362; x_wconf 89' lang='lat' dir='ltr'>e.</span> <span class='ocrx_word' id='word_1_306' title='bbox 789 4303 855 4362; x_wconf 81' lang='lat' dir='ltr'>eiua</span> <span class='ocrx_word' id='word_1_307' title='bbox 875 4301 932 4371; x_wconf 85' lang='lat' dir='ltr'>[oi.</span> <span class='ocrx_word' id='word_1_308' title='bbox 955 4300 992 4360; x_wconf 90' lang='lat' dir='ltr'>ad</span> <span class='ocrx_word' id='word_1_309' title='bbox 1013 4301 1082 4361; x_wconf 85' lang='lat' dir='ltr'>Art.</span> <span class='ocrx_word' id='word_1_310' title='bbox 1098 4296 1175 4381; x_wconf 79' lang='lat' dir='ltr'>ta),</span> <span class='ocrx_word' id='word_1_311' title='bbox 1199 4318 1239 4361; x_wconf 88' lang='lat' dir='ltr'>ex</span> <span class='ocrx_word' id='word_1_312' title='bbox 1259 4318 1319 4381; x_wconf 81' lang='lat' dir='ltr'>quo</span> 
     </span>
     <span class='ocr_line' id='line_1_37' title="bbox 90 4397 1134 4484; baseline 0.001 -23"><span class='ocrx_word' id='word_1_313' title='bbox 90 4418 94 4427; x_wconf 94' lang='lat'>·</span> <span class='ocrx_word' id='word_1_314' title='bbox 128 4414 234 4483; x_wconf 58' lang='lat' dir='ltr'>‚pam</span> <span class='ocrx_word' id='word_1_315' title='bbox 254 4398 365 4460; x_wconf 80' lang='lat' dir='ltr'>iactum</span> <span class='ocrx_word' id='word_1_316' title='bbox 386 4403 471 4461; x_wconf 86' lang='lat' dir='ltr'>esset</span> <span class='ocrx_word' id='word_1_317' title='bbox 492 4410 537 4481; x_wconf 85' lang='lat' dir='ltr'>et,</span> <span class='ocrx_word' id='word_1_318' title='bbox 560 4404 733 4464; x_wconf 71' lang='lat' dir='ltr'>necessario</span> <span class='ocrx_word' id='word_1_319' title='bbox 756 4403 833 4484; x_wconf 75' lang='lat' dir='ltr'>lepis</span> <span class='ocrx_word' id='word_1_320' title='bbox 853 4399 968 4465; x_wconf 88' lang='lat' dir='ltr'>transiit</span> <span class='ocrx_word' id='word_1_321' title='bbox 989 4399 1018 4459; x_wconf 89' lang='lat' dir='ltr'>in</span> <span class='ocrx_word' id='word_1_322' title='bbox 1040 4397 1134 4477; x_wconf 80' lang='lat' dir='ltr'>tepeo.</span> 
     </span>
     <span class='ocr_line' id='line_1_38' title="bbox 186 4488 1051 4579; baseline -0.002 -18"><span class='ocrx_word' id='word_1_323' title='bbox 186 4492 288 4578; x_wconf 67' lang='lat' dir='ltr'>mum]</span> <span class='ocrx_word' id='word_1_324' title='bbox 301 4495 392 4563; x_wconf 72' lang='lat' dir='ltr'>H:</span> <span class='ocrx_word' id='word_1_325' title='bbox 413 4517 516 4579; x_wconf 78' lang='lat' dir='ltr'>eoque.</span> <span class='ocrx_word' id='word_1_326' title='bbox 667 4488 671 4495; x_wconf 74' lang='grc'><strong>’</strong></span> <span class='ocrx_word' id='word_1_327' title='bbox 1049 4497 1051 4500; x_wconf 48' lang='lat'><em>⁴</em></span> 
     </span>
    </p>
   </div>
   <div class='ocr_carea' id='block_1_5' title="bbox 200 4564 251 4617">
    <p class='ocr_par' dir='ltr' id='par_1_5' title="bbox 200 4564 251 4617">
     <span class='ocr_line' id='line_1_39' title="bbox 200 4564 206 4573; baseline 0 0"><span class='ocrx_word' id='word_1_328' title='bbox 200 4564 206 4573; x_wconf 79' lang='grc' dir='ltr'>ι.</span> 
     </span>
     <span class='ocr_line' id='line_1_40' title="bbox 247 4606 251 4617; baseline 0 0"><span class='ocrx_word' id='word_1_329' title='bbox 247 4606 251 4617; x_wconf 85' lang='grc' dir='ltr'>ι</span> 
     </span>
    </p>
   </div>
   <div class='ocr_carea' id='block_1_6' title="bbox 0 0 1516 4988">
    <p class='ocr_par' dir='ltr' id='par_1_6' title="bbox 0 0 1516 4988">
     <span class='ocr_line' id='line_1_41' title="bbox 0 0 1516 4988; baseline 0 0"><span class='ocrx_word' id='word_1_330' title='bbox 0 0 1516 4988; x_wconf 95' lang='lat' dir='ltr'> </span> 
     </span>
    </p>
   </div>
  </div>
 </body>
</html>
