2978 4988
127 364 176 439 ιι
444 474 446 478 ⁸
569 354 975 443 rnonrrnus

228 599 349 694 potuit,
377 597 539 692 quoniam
565 621 610 670 ex
635 596 792 695 pluribus
819 595 1109 693 acquisitionibus
1136 605 1274 670 constat
1299 609 1336 670 et
1358 597 1413 668 le-

227 714 303 787 nior
329 719 405 785 rivo
431 714 543 787 intrat.
593 714 713 811 Prope
735 714 870 790 Urbem
890 723 1005 785 tamen
1033 711 1078 786 ad
1103 712 1296 786 milliarium
1317 711 1355 784 ll
1382 715 1412 785 in

229 854 329 927 agro,
362 829 419 924 qui
445 853 537 902 nunc
557 840 613 902 est
637 825 780 926 Oejonii
805 827 999 913 Commodi,
1020 828 1079 903 ubi
1097 829 1310 903 velociorem
1330 854 1412 902 cm·-

229 969 307 1017 sum
335 944 449 1038 babet,
476 969 677 1020 mensuram
703 945 773 1042 egi,
801 968 892 1040 quae
918 943 1024 1017 elficit
1050 945 1225 1040 quinarias
1249 929 1412 1020 lituu:

230 1060 389 1158 amplius,
419 1084 523 1157 quam
536 1062 571 1133 in
588 1061 855 1155 commentariis,
879 1061 1045 1156 quinariis
1062 1058 1294 1137 unoculi.
1322 1062 1414 1138 Om-

188 1232 202 1249 „
227 1176 331 1250 nibus
365 1176 568 1274 approbatio
599 1187 720 1250 nostra
752 1175 1016 1273 expeditissima
1043 1186 1118 1249 est:
1160 1188 1285 1276 erogat
1324 1179 1415 1251 enim

231 1316 365 1387 omnes,
394 1315 483 1387 quas
509 1315 675 1366 mensura
700 1290 1004 1389 deprehendimus,
1040 1292 1075 1364 id
1102 1306 1159 1368 est
1183 1274 1340 1369 l'lblv.

157 1405 206 1481 71
306 1407 507 1481 Alsietinae
549 1410 787 1505 conceptionis
823 1407 949 1480 modus
982 1432 1048 1481 nec
1087 1413 1123 1510 in
1158 1411 1416 1484 commentariis

232 1523 431 1623 adscriptus
459 1537 524 1620 est,
552 1529 679 1597 necin
706 1548 745 1597 re
770 1525 947 1621 praesenti
975 1534 1093 1596 certus
1120 1526 1264 1600 inveniri
1287 1528 1415 1624 potuit3

236 1664 313 1714 cum
344 1665 389 1715 ex
411 1640 492 1714 lacu
513 1640 692 1739 Alsietino
724 1651 758 1712 et
784 1640 907 1713 deinde
936 1645 1030 1714 circa
1056 1642 1207 1743 ¹Careias
1231 1659 1277 1715 ex
1294 1641 1416 1718 Saba-

128 1838 358 1858 m

152 2024 156 2031 ,
230 1959 299 2020 milo
318 1961 414 2019 tamen
437 1954 586 2018 vocabulo
607 1975 692 2023 sam:
713 1976 772 2040 quo
790 1953 861 2038 quid
877 1955 1041 2017 laciendum
1064 1958 1104 2019 sit
1122 1957 1240 2036 melius,
1253 1977 1337 2040 quam
1351 1958 1417 2025 Pol.

231 2057 316 2134 lecit,
339 2075 398 2118 non
419 2055 568 2134 intelligo.

281 2160 346 2237 epa)
374 2155 454 2219 VJ:
483 2156 586 2236 adopt,
613 2157 634 2217 i.
657 2175 683 2217 c.
706 2153 839 2217 adhibui.
862 2154 950 2241 Quod
973 2155 1092 2217 delendi
1113 2157 1230 2239 quidem
1253 2174 1292 2241 cx
1313 2154 1418 2235 lingua

231 2257 322 2319 latina
342 2258 456 2337 potest,
478 2256 533 2317 scd
555 2259 594 2317 ιι.
615 2257 743 2319 Annali.

280 2354 423 2419 Omnibus
443 2355 591 2437 opprob.)
614 2352 655 2417 C:
678 2356 747 2416 mile
767 2357 946 2432 octinqentis
973 2358 1187 2436 quinquaqinta
1216 2397 1418 2419 .......

230 2456 314 2519 tubus
334 2454 466 2539 adprob.
490 2454 533 2517 U
555 2456 625 2516 mile
644 2453 783 2519 DCCCL
806 2494 1008 2514 .......
1031 2454 1260 2536 nibusadprob
1282 2455 1336 2515 Sic
1354 2474 1418 2513 ιιιιι-

231 2556 342 2618 niicale
364 2559 488 2638 uterquc
510 2555 596 2632 cod„
624 2573 714 2617 uon
769 2552 938 2626 .tribus‚
968 2556 1000 2613 ut
1022 2552 1088 2616 Pol
1105 2553 1219 2615 retulit.
1264 2554 1310 2615 V
1335 2559 1415 2635 quain.

231 2655 354 2718 buxu
378 2697 513 2718 .....
534 2654 622 2716 nibus
642 2596 778 2735 apprdb
798 2652 838 2714 V:
863 2657 943 2734 quin
964 2653 1099 2723 DCXL
1123 2651 1266 2715 Omnibus
1287 2652 1418 2734 approb

232 2754 251 2816 J
273 2759 304 2816 et
325 2770 391 2816 roo:
413 2752 615 2816 ranconi!
639 2749 782 2813 Omnibus
803 2750 931 2831 apprab

283 2848 408 2933 erepat}
432 2852 512 2914 iiam
535 2859 672 2929 crepant
694 2851 823 2910 Eaedem
847 2849 940 2910 inira:
963 2851 1087 2932 ‹lepreb
1105 2818 1148 2912 ad
1170 2850 1230 2913 duo
1252 2850 1313 2912 mil.

168 2969 199 3022 ιι
281 2952 352 3015 Als
374 2960 502 3032 concep
490 2946 662 3023 roms)(l
686 2954 888 3032 conceptioni
910 2951 960 3011 V.
982 2950 1126 3013 Rationis
1148 2994 1282 3013 .....
1302 2950 1419 3012 modus

233 3050 276 3117 Ft
296 3050 441 3114 Rationis
461 3048 578 3113 modus.

282 3152 429 3227 incenia)
452 3147 531 3212 Sobz
555 3152 636 3213 iniri.
656 3169 689 3210 v.
711 3149 748 3209 ad
768 3148 838 3211 Art.
861 3155 910 3212 65.

283 3251 413 3314 Careias
434 3268 473 3311 ea
492 3246 585 3329 Sub.)
609 3245 652 3312 Ca
676 3248 803 3311 Careias
824 3269 863 3310 ea
882 3249 1026 3313 Abatino.
1070 3248 1111 3311 U:
1135 3249 1250 3310 Carras
1271 3270 1310 3311 aa
1330 3247 1420 3310 Aba·

235 3356 315 3415 tinus
350 3349 422 3412 alet
442 3364 511 3410 rect
534 3349 652 3410 Carens
675 3368 714 3410 en
733 3347 809 3410 sao.
847 3346 893 3410 V:
916 3369 955 3410 cn
976 3350 1045 3411 lacu
1065 3349 1236 3410 Alsicntino
1260 3356 1290 3409 ct
1310 3347 1422 3410 deinde

233 3451 424 3515 Alsicatinae
444 3450 580 3531 concipit
605 3447 704 3509 0οιιιι
733 3446 849 3509 Curuus
873 3469 912 3510 ca
937 3449 1072 3510 abatino.
1098 3447 1144 3510 V:
1164 3467 1203 3509 aa
1219 3447 1242 3508 l.
1257 3447 1421 3509 Alsietino.

159 3575 164 3583 ·
236 3548 350 3612 OCOL.
380 3547 553 3610 Alsietinae
578 3549 723 3627 concipit.
744 3547 831 3611 000.
859 3567 959 3612 orcas.
982 3549 1036 3609 Ea
1056 3546 1214 3609 Sabatino.
1235 3543 1421 3608 Vocabulum

238 3652 325 3709 circa
344 3649 376 3709 iu
397 3646 426 3708 V
446 3646 469 3708 F
492 3645 556 3707 iere
578 3663 696 3725 semper
716 3647 747 3708 in
769 3649 881 3709 numeri
904 3648 959 3710 00
977 3647 1112 3727 speciem
1129 3647 1318 3726 depravatur.
1347 3643 1421 3708 Scb.

237 3744 293 3818 (V.
315 3743 362 3828 8.)
384 3747 479 3807 verba
499 3751 531 3806 ct
546 3743 657 3808 deinde
672 3748 758 3807 cirea
775 3745 959 3809 Careiasen
975 3746 1123 3809 Sabatina
1145 3745 1329 3823 glossatoris
1352 3761 1422 3805 csse

236 3846 353 3923 censet,
376 3843 529 3927 legitque:
552 3865 619 3907 cam
641 3863 679 3907 aa
696 3845 769 3908 luca
785 3846 856 3908 Ais.
876 3849 1023 3928 occipiat,
1041 3854 1182 3927 quantun
1203 3847 1263 3904 ιιι.

277 3946 427 4027 accipiat,
446 3946 604 4026 quamam)
625 3941 758 4005 Verbum
779 3949 918 4027 accipiat
938 3944 1006 4006 libri
1029 3946 1180 4021 ignorant.
1203 3941 1267 4005 Sed
1289 3960 1353 4004 non.
1371 3944 1423 4004 in-

237 4045 324 4119 tegra
345 4044 497 4104 sententia
518 4045 583 4121 est3
610 4060 701 4127 quare
722 4042 789 4104 Pol.
813 4044 983 4125 supplevit:
1010 4064 1059 4127 qa.
1084 4062 1135 4126 aq.
1155 4053 1266 4125 temp„
1298 4042 1422 4105 babeat.

235 4141 318 4221 Ais„
339 4142 461 4203 scilicet
482 4138 563 4202 exV
579 4144 610 4203 et
626 4143 709 4220 edd,
732 4143 888 4226 inquibus
910 4145 973 4205 est:
997 4162 1046 4225 pu.
1067 4163 1120 4226 aq.
1143 4141 1424 4227 temptabatus

233 4239 309 4324 plus
328 4243 477 4324 quinariis
495 4237 614 4302 duobus
631 4239 777 4305 millibus.
819 4243 930 4304 Verum
963 4243 1020 4304 ista
1045 4240 1311 4304 babet—millibus
1337 4241 1423 4304 nilrili

235 4338 286 4404 bia
307 4342 389 4418 sunl,
413 4339 559 4403 translata
579 4341 690 4424 quippe
714 4359 754 4401 ex
775 4340 862 4403 initio
883 4339 952 4405 Art.
974 4359 1039 4424 seq.
1081 4339 1156 4404 sm.
1186 4342 1314 4404 inseruit
1334 4344 1423 4403 acci-

234 4441 321 4520 piat,
352 4442 385 4501 ut
406 4457 496 4518 supra
517 4440 697 4501 andivimus.
740 4436 832 4501 Certo
859 4442 1076 4504 restituendum
1104 4440 1227 4524 aliquod
1247 4441 1426 4519 verbnm,a

238 4538 449 4603 coniunctione
465 4540 690 4621 campendens,
711 4537 763 4600 vel
784 4540 856 4619 post
867 4547 1118 4623 temperaverunt,
1138 4539 1189 4601 vel
1211 4542 1284 4623 post
1304 4561 1344 4605 aa
1358 4539 1425 4604 Sa-
