2978 4988
531 335 940 418 FRON'l'lNUS
1323 330 1374 406 35

89 578 185 664 gunt.
237 567 346 642 Prius
373 580 487 644 tamen
514 593 597 667 pars
623 567 764 661 duliae,
801 567 845 640 ad
872 566 985 664 Spem
1010 565 1181 640 Veterem
1208 590 1274 637 ex-

90 696 211 783 cepta,
252 686 409 760 castellis
436 683 552 761 Coelii
587 687 713 757 montis
741 683 947 757 diffunditur.
999 684 1135 755 Marcia
1161 693 1275 768 autem

90 812 224 898 partem
250 804 305 875 sui
324 814 415 900 post
439 800 560 873 hortos
586 800 828 872 Pallantianos
856 801 887 871 in
916 801 1040 893 riuum,
1081 801 1137 894 qui
1164 824 1276 871 voea-

26 1012 28 1017 .
90 927 146 988 tur
170 915 430 1013 Herculaneus
460 914 594 990 delicit:
630 917 661 987 is
695 939 759 1013 per
785 912 946 990 Coelium
983 914 1128 1006 ductus⁹
1164 915 1276 1011 ipsius

89 1033 218 1105 montis
243 1033 370 1108 usibus
396 1032 490 1127 nitu,
518 1042 557 1104 ut
582 1031 735 1128 inlerior,
764 1030 1052 1123 subministrum,
1080 1028 1194 1103 linitur
1212 1053 1280 1102 su·¹

90 1173 154 1246 pra
179 1158 315 1246 portam
341 1145 535 1245 Capenam.

191 1264 291 1339 Anio
317 1264 448 1338 Novus
475 1277 509 1338 et
534 1261 685 1340 Claudia
723 1289 743 1336 a
770 1264 915 1360 piscinis
943 1268 976 1335 in
1003 1261 1145 1334 altiores
1172 1284 1278 1333 arcus
1303 1258 1356 1334 20

92 1382 326 1478 recipiuntur,
363 1387 409 1454 ita
443 1379 482 1453 ut
515 1382 678 1478 superior
711 1381 757 1451 sit
789 1379 898 1453 Anio.
955 1378 1139 1452 Finiuntur·
1174 1401 1279 1450 arcus

92 1558 369 1576 --n--ffl

93 1647 296 1711 nonnullorum
317 1646 457 1709 librorum
478 1645 636 1708 lectionem
659 1650 751 1708 initur
772 1646 915 1708 dciemlit.
954 1645 987 1707 lu
1009 1646 1130 1707 candem
1158 1650 1282 1708 senlen-

93 1751 161 1810 tiam
184 1743 260 1809 Seli.
282 1747 381 1810 reddit
414 1746 489 1825 „die
511 1744 642 1823 Leitung
664 1747 737 1807 wird
759 1745 959 1807 bosehlossen
982 1746 1047 1819 (sie
1071 1744 1147 1821 gelrt
1168 1745 1231 1820 eiu)
1245 1745 1281 1820 “‚

93 1849 171 1909 irene
192 1847 230 1908 ad
250 1865 324 1923 rem,
347 1848 413 1925 sed,
436 1863 500 1907 cum
522 1846 772 1920 introferrent,
796 1845 830 1905 ad
854 1845 1024 1907 latinitatem
1046 1845 1189 1924 pessime.
1212 1842 1283 1906 Sci-

93 1948 165 2010 licet
187 1948 216 2008 in
238 1943 316 2010 (Νι
339 1950 370 2008 et
391 1963 452 2010 rec.
474 1939 585 2022 legitur
607 1949 700 2008 initur
729 1944 775 2016 (J.
798 1942 905 2026 inter).
950 1945 1042 2029 Quam
1065 1945 1104 2004 ob
1126 1943 1283 2006 lectionem

93 2048 255 2111 l'abrettus
275 2043 334 2110 No.
356 2049 395 2107 49
417 2050 618 2125 proposuerat
640 2045 749 2111 duetus
770 2048 869 2125 ipsius
889 2045 1052 2108 modus-
1069 2043 1185 2120 initum
1207 2042 1286 2124 quod

96 2149 178 2228 prius
206 2145 362 2226 amplexus
390 2147 488 2206 iuerat
521 2143 606 2205 etiarn
635 2142 709 2206 Sclr.
732 2144 761 2203 in
783 2148 844 2206 not.
868 2160 910 2205 er.
952 2143 986 2205 ln
1009 2145 1190 2225 eundemque
1212 2162 1285 2204 sen-

95 2268 158 2308 sun
182 2244 311 2310 Corrad.
332 2243 454 2305 retineri
476 2242 559 2304 iubet
580 2242 831 2318 ductus-initur,
848 2247 1010 2306 annotans:
1034 2244 1133 2321 „iniri
1149 2248 1196 2304 est
1210 2241 1286 2302 sub-

96 2346 173 2422 duci,
197 2343 318 2424 corripi,
340 2341 455 2421 colligi,
478 2345 511 2404 ut
531 2345 623 2403 initur
643 2343 734 2419 ratio,
757 2343 915 2403 consilium
937 2342 1012 2422 apud
1041 2344 1205 2421 scriptores
1227 2364 1286 2422 op.

96 2446 202 2507 timosr
242 2448 274 2506 et
301 2460 408 2521 reapse
436 2459 511 2522 aqua
537 2440 643 2502 fistulis
670 2438 798 2502 collecta
819 2442 848 2501 in
870 2459 952 2500 nsum
975 2439 1063 2501 Urbis
1086 2442 1286 2505 distribueba-

96 2545 174 2608 tur.“
219 2539 311 2631 Quasi
333 2542 442 2603 ductus
463 2542 555 2602 initur
575 2539 665 2600 latine
688 2538 745 2599 dici
766 2543 873 2619 posset
893 2557 949 2618 pro
989 2540 1160 2619 „deductim
1184 2543 1286 2605 distri-

94 2645 179 2705 lrutio
203 2635 344 2721 incipit“l
390 2640 458 2717 Ego
479 2654 555 2701 vero
577 2636 644 2699 Pol.
668 2655 783 2699 causam
805 2637 913 2719 probo,
952 2639 998 2699 cui
1022 2639 1106 2700 etiam
1130 2659 1169 2701 ex
1191 2640 1286 2702 lilrro-

97 2763 159 2806 rum
182 2740 327 2818 vestigiis
348 2738 479 2801 nonnihil
502 2737 687 2800 auctoritatis
709 2739 891 2819 acquiratur3
915 2753 979 2799 narn
1002 2739 1030 2799 in
1052 2739 1082 2800 V
1102 2740 1125 2805 F
1147 2739 1174 2802 0
1195 2742 1287 2805 rideo

98 2847 213 2919 oritur,
240 2829 270 2902 in
291 2837 318 2902 U
338 2842 436 2902 autem
458 2840 578 2914 unitur,
618 2855 658 2899 ex
685 2856 743 2918 quo
766 2839 935 2916 posteriorc
965 2837 1092 2900 lichenii
1121 2843 1286 2905 emendatio

98 2941 210 3022 optime
240 2938 395 3018 procedit,
434 2934 459 2996 si
480 2935 608 2999 litteram
630 2957 651 2998 a
673 2930 784 2997 dividis
805 2937 834 2999 in
856 2959 875 3001 u
898 2940 928 3000 et
943 2939 1072 3018 priorem
1095 2941 1211 3003 ductum
1233 2944 1286 3007 tibi

97 3039 187 3121 paulo
209 3038 419 3119 prolongatum
442 3034 539 3112 lingis.
568 3035 658 3097 Adde
679 3035 757 3118 quod
780 3033 847 3099 Art.
870 3040 908 3098 99
931 3048 1005 3099 actu
1026 3043 1166 3121 corrupte
1188 3047 1289 3106 exstat

97 3159 152 3219 pro
175 3139 276 3219 fucta.

138 3249 171 3300 et
190 3234 342 3314 Claudia)
375 3233 421 3297 V:
445 3237 475 3295 iri
498 3232 611 3296 Claud.
633 3232 717 3295 not:
741 3253 806 3295 eum
828 3233 938 3298 Claud.
1318 3260 1352 3313 20

139 3336 260 3416 earum)
283 3332 349 3396 soll.
371 3352 520 3414 aquarum.
544 3333 596 3396 Sic
617 3332 684 3393 Pol.
708 3350 747 3393 ex
770 3330 882 3395 CUJ.
904 3334 952 3395 Ex
974 3335 1083 3398 ceteris
1104 3336 1189 3398 libris
1210 3335 1284 3401 Sei.

99 3453 222 3512 eorum,·
258 3434 368 3515 quippe
397 3433 476 3515 qnod
503 3433 539 3494 ad
568 3432 722 3511 superiora
747 3434 828 3494 Arrio
849 3433 961 3496 Nouus
982 3427 1166 3509 etCluudiu
1185 3439 1287 3519 respi-

100 3537 170 3611 ciat,
192 3533 316 3595 mascnl.
337 3549 436 3608 genus
457 3531 648 3614 requirentia.
671 3532 883 3594 Praetereain
905 3534 934 3596 V
954 3534 978 3596 F
999 3534 1085 3596 locus
1108 3536 1212 3598 faciem
1229 3537 1287 3600 lra-

99 3635 153 3697 het
173 3632 266 3694 hane:
287 3634 440 3712 recipiunt
455 3627 515 3712 (Ἐξ
536 3629 757 3713 recipiunturlt
780 3636 824 3694 ita
844 3643 877 3695 ut
897 3637 1128 3716 superiorArrio
1147 3635 1289 3718 finitimus

100 3753 194 3796 urcua
222 3745 326 3794 eorum
349 3738 476 3815 praeter
505 3729 613 3792 dorios
642 3731 827 3812 plancianos
870 3733 932 3804 (Vt
961 3734 1193 3815 pallantianos)
1227 3743 1288 3800 etc.

100 3833 195 3895 Porro
217 3848 272 3910 pro
294 3838 327 3892 et
345 3828 418 3892 iude
438 3830 468 3891 ln
489 3828 513 3890 F
535 3832 584 3892 est
604 3839 653 3892 est
672 3831 762 3909 iadau
788 3835 876 3913 atque
897 3831 917 3891 J
945 3836 976 3894 ct
996 3851 1057 3895 reo.
1087 3838 1224 3900 omittunt
1246 3847 1288 3899 et.

143 3924 345 4010 diducuntur)
368 3928 413 3992 lta
434 3926 515 3992 cu.
538 3929 628 3993 lidem
650 3928 720 3992 Art.
743 3933 780 3990 21
804 3929 853 3991 iio.
877 3929 1043 3994 diducitur.
1067 3932 1198 4018 Utroque
1220 3936 1289 3998 loco

103 4031 196 4125 ceteri
217 4027 284 4090 lilrri
307 4028 433 4105 dedum,
459 4029 528 4093 ltem
550 4030 617 4092 Pol.
648 4031 679 4091 et
706 4030 903 4110 posteriores.
946 4031 1016 4095 nrt.
1040 4036 1080 4096 23
1102 4053 1204 4097 omnes
1225 4035 1291 4098 libri

104 4129 295 4206 deducatur,·
331 4127 386 4190 sed
407 4126 448 4188 nn
470 4148 588 4211 quoque
609 4130 726 4191 restitui
749 4127 864 4208 didace,
887 4149 951 4193 cunr
974 4133 1076 4194 eadem
1099 4133 1194 4195 trihus
1215 4135 1291 4197 locis

104 4229 238 4292 obtineat
258 4225 346 4288 liuius
367 4226 453 4289 verbi
475 4228 657 4305 significatio
684 4230 846 4310 dividendi,
870 4231 1075 4296 distribuendi.

144 4327 188 4389 ad
208 4323 327 4420 Spem),
356 4323 401 4405 Q:
424 4327 468 4390 ad
487 4332 629 4410 speciem.
651 4361 695 4371 -
714 4328 759 4390 Hi
781 4329 907 4411 directi)
930 4331 959 4392 V
981 4335 1012 4392 et
1034 4330 1110 4392 edd:
1132 4332 1168 4394 Ji
1189 4332 1249 4393 dir.

143 4434 271 4515 moriem
292 4418 446 4508 drauum)
469 4428 533 4490 Aut
553 4428 594 4492 lta
616 4446 657 4489 ex
676 4427 697 4488 J
718 4433 749 4493 ct
769 4447 831 4491 rec.
854 4430 1068 4510 recipiendum,
1088 4437 1137 4492 aut
1159 4449 1198 4492 ex
1212 4447 1293 4494 eon-

242 4540 244 4547 ,
1035 4528 1086 4594 3,
