2978 4988
95 356 148 434 32
539 357 950 439 FRUNTINUS

196 592 527 688 arcuationibusque
559 592 619 665 vel
650 591 791 666 erismis
825 593 1031 690 erigeretur.
1082 589 1255 688 Sequitur
1279 589 1385 665 huius

194 709 315 782 libram
341 708 472 805 Virgo,
509 707 634 782 deinde
658 708 799 805 Appia3
838 732 929 804 quae
955 733 1035 781 curn
1060 733 1106 781 ex
1131 709 1266 782 urbano
1292 734 1383 805 agro

198 824 487 921 perducerentur,
527 849 596 898 non
628 825 662 896 in
695 836 826 897 tantum
851 823 1041 898 altitudinis
1068 825 1156 921 erigi
1184 836 1382 921 potuerunt.

195 940 370 1017 Omnibus
397 941 556 1014 humilior
579 939 757 1014 Alsietina
783 951 850 1037 est,
891 930 993 1037 quae
1007 940 1294 1015 Transtiberinae
1319 966 1383 1014 re-

193 1059 289 1154 gioni
316 1068 352 1131 et
377 1058 529 1130 maxime
552 1052 747 1131 iacentibus
772 1056 861 1131 locis
888 1057 1011 1130 servit.

144 1171 192 1244 tu
242 1173 303 1247 Ex
329 1172 383 1248 his
409 1196 477 1246 sex
507 1176 566 1245 via
585 1170 727 1266 Latina,
753 1178 842 1247 intra
867 1171 944 1246 Vll
969 1170 1177 1269 milliarium,
1204 1179 1418 1257 contectis...

192 1289 338 1386 piscinis
372 1293 611 1386 excipiuntur,
651 1288 711 1362 ubi
742 1293 844 1386 quasi
869 1294 1065 1387 respirante
1090 1293 1245 1364 rivorum
1271 1313 1381 1365 cursu

190 1572 268 1634 risco
290 1576 418 1651 notatur,
440 1571 498 1633 lroc
520 1572 549 1634 in
572 1575 738 1653 eriperetur
758 1573 917 1634 vertitur.“
955 1570 1081 1635 Corrad.
1104 1572 1266 1652 proponit:
1292 1582 1378 1634 cete-

190 1674 236 1732 ris
256 1676 332 1752 erip.
355 1672 377 1732 i.
400 1690 428 1735 e.
450 1691 539 1752 supra
560 1677 677 1735 ceteras
698 1690 799 1753 aquas.
844 1671 918 1734 Solu.
940 1673 969 1732 in
990 1678 1052 1733 not.
1075 1690 1118 1733 cr.
1141 1673 1298 1734 emendat:
1321 1693 1378 1733 or-

190 1770 383 1833 cautiom'bus
402 1772 454 1832 cel
474 1776 602 1835 erismio.
632 1771 672 1833 nt
692 1772 736 1832 sic
759 1772 850 1833 edidi.
895 1792 928 1832 r.
950 1773 1077 1835 Annott.
1099 1771 1132 1833 ln
1155 1774 1257 1832 textus
1279 1777 1378 1833 autom

189 1887 306 1931 recens.
333 1869 428 1946 legit:
465 1871 517 1933 oei
545 1875 635 1933 etium
665 1882 698 1933 ut
726 1879 847 1934 ceterae
874 1875 960 1933 metio
985 1876 1059 1952 erip.
1087 1868 1199 1948 „durch
1228 1870 1377 1948 llloten“;

188 1967 260 2029 nihil
281 1969 403 2030 rationis
425 1969 576 2031 adiiciens.

229 2067 452 2148 duiuslidrum)
476 2069 552 2138 VT:
567 2067 708 2131 dunelid.
717 2103 757 2115 -
769 2067 1066 2152 perducerenturJU
1081 2069 1119 2131 J:
1139 2068 1376 2152 perduceretur.

229 2163 416 2247 iacentibus]
438 2167 469 2228 V
490 2172 521 2230 ct
543 2171 621 2231 edd:
643 2169 881 2232 subiacentibus.
904 2190 935 2229 v.
952 2169 1078 2231 Annott.

127 2285 158 2338 19
232 2266 287 2329 Ec
306 2267 354 2328 dis
375 2274 446 2343 ser)
469 2267 495 2328 U
515 2267 534 2328 J
557 2271 588 2331 et
608 2282 678 2330 rec:
699 2270 819 2333 Idaliis
840 2273 892 2330 cio
913 2269 986 2329 Lat.
1008 2288 1076 2330 ser.
1099 2268 1129 2329 V
1149 2267 1190 2327 F:
1212 2266 1377 2329 Extitius

186 2367 334 2429 aicbat.
357 2367 420 2429 sed.
442 2366 486 2429 At
508 2366 553 2430 U:
595 2368 650 2430 Ec
671 2373 699 2430 is
719 2389 786 2430 see.
816 2388 900 2450 quern
924 2368 1054 2428 ordinem
1077 2385 1140 2427 cum
1162 2366 1230 2427 Pol.
1254 2367 1374 2427 retinui.

188 2466 335 2528 Videntur
355 2465 465 2528 librarii
485 2467 558 2528 illud
580 2488 637 2529 sec
656 2487 674 2528 a
694 2467 852 2529 vocabulis
873 2488 911 2529 er
931 2467 980 2528 leis
1003 2466 1184 2542 seiunxissc,
1207 2483 1245 2530 uc
1266 2467 1374 2526 codcnr

115 2586 118 2591 ’
189 2584 260 2627 casu
281 2566 471 2646 accipiantur,
496 2586 559 2628 cum
581 2588 638 2629 rer
659 2569 699 2629 sit
720 2567 895 2628 subiectum.

236 2669 397 2739 conlectio)
421 2664 467 2728 lta
483 2664 520 2728 U.
544 2665 646 2729 Ueteri
667 2665 736 2726 libri
751 2669 909 2727 contentis.
948 2664 1026 2726 lnl'ra
1040 2664 1087 2726 V:
1109 2667 1286 2746 excipimur.
1331 2665 1372 2726 l':

186 2768 348 2847 excipitur.

236 2864 335 2924 limam
357 2859 444 2944 dep.)
466 2863 497 2926 V
517 2864 540 2926 Ρ
563 2883 620 2924 om.
644 2864 763 2940 limum,·
785 2865 874 2944 idque
899 2862 1074 2924 vocabulum
1096 2865 1124 2924 ln
1141 2863 1168 2924 U
1188 2861 1286 2924 littera
1303 2868 1371 2924 tan-

187 2964 245 3024 tum
268 2959 373 3022 initiali
395 2962 417 3024 l.
440 2965 589 3024 exaratur.
628 2963 790 3025 Praeterea
810 2963 850 3025 F:
873 2962 1044 3044 deponitur.
1350 2972 1353 2977 '

234 3067 352 3135 earum)
378 3079 436 3121 om.
458 3062 488 3123 J.
511 3064 543 3124 et
564 3079 626 3123 rec.

236 3160 373 3224 Uauntur
394 3164 468 3231 otc.)
499 3160 568 3223 Una
599 3169 696 3223 autem
718 3180 819 3222 carum
839 3162 940 3236 dulia,
962 3163 1101 3237 Murcia,
1126 3160 1243 3239 Tepula
1273 3159 1372 3243 (parre

185 3263 579 3344 intercepta—accesserat,
600 3263 819 3340 nanc—cerrit)
847 3263 905 3322 liae
927 3262 1125 3340 tres-recip.
1170 3258 1215 3318 lta
1246 3259 1368 3335 habent,

184 3359 210 3420 si
230 3359 419 3439 parenthesis
440 3360 526 3436 signa
548 3360 675 3439 excipis,
698 3358 724 3424 U
748 3359 784 3425 U.
820 3360 920 3423 Locus
941 3361 1093 3421 adnrodurn
1115 3375 1160 3418 nne
1178 3360 1277 3420 torsit.
1306 3360 1369 3419 Pa-

185 3458 349 3538 rentlresiS,
372 3478 455 3540 quam
478 3461 578 3539 posui,
602 3460 639 3519 ad
660 3457 803 3538 Tepulam
825 3462 971 3540 pertinet3
993 3477 1088 3540 supro
1110 3461 1227 3535 spectat
1243 3458 1279 3518 ad
1296 3457 1367 3518 Art.

183 3561 215 3618 9.
258 3559 341 3645 Quae
363 3559 523 3636 remanent,
554 3558 595 3620 ita
617 3557 755 3637 explico:
791 3559 897 3621 Earum
919 3563 1016 3620 autom
1040 3561 1112 3628 (sex
1134 3559 1286 3635 aquarum)
1310 3554 1367 3618 lrao

184 3661 257 3735 tros,
279 3655 368 3732 Julia,
390 3657 515 3736 Marcia,
537 3657 664 3737 Tepula,
687 3677 745 3719 una
767 3658 803 3732 (i.
827 3679 855 3723 e.
877 3657 977 3730 simul]
1001 3676 1019 3717 a
1039 3656 1165 3735 piscinis
1190 3655 1221 3715 in
1243 3657 1366 3716 eosdem

182 3774 269 3817 arcus
291 3756 484 3835 recipiuntur.
527 3757 693 3818 Pronomen
713 3757 771 3820 dae
790 3757 989 3820 necessarium
1012 3758 1085 3818 lecit
1101 3752 1291 3835 parenthesis
1308 3754 1367 3815 all-¹

184 3858 292 3936 quanto
315 3853 448 3930 longior.
470 3853 561 3917 Pon.
584 3853 659 3918 seh.
683 3858 714 3919 in
734 3861 799 3919 not.
823 3876 865 3919 cr.
889 3856 1041 3917 emendat:
1065 3856 1133 3917 Uno
1150 3861 1247 3914 autem
1268 3853 1378 3914 meunt¹

181 3955 270 4017 doliu
290 3954 476 4039 Marcioque
506 3964 536 4016 et
565 3956 696 4038 Tepula,
725 3977 801 4040 puae
822 3959 900 4032 ctc.3
924 3957 953 4016 iu
975 3957 1042 4016 text
1062 3965 1130 4014 roc:
1174 3953 1243 4016 Un'u
1267 3962 1369 4013 aalma·

181 4072 284 4115 earum
305 4058 437 4116 iniuntur
459 4055 596 4125 (werden
616 4055 775 4134 geeichet)
818 4053 917 4131 dulia,
944 4052 996 4114 M.
1023 4064 1055 4117 et
1077 4052 1204 4135 Tepula,
1226 4071 1304 4135 parre
1323 4089 1367 4098 ·——

180 4156 273 4214 venit.
295 4153 368 4217 Huc
388 4163 451 4217 tres
473 4159 533 4218 etc.
575 4152 879 4228 lleinr..distinguit:
924 4153 992 4216 Ureu
1012 4162 1112 4216 autem
1132 4171 1235 4215 corum
1255 4152 1290 4214 J.
1312 4152 1363 4213 M.

184 4253 231 4331 T„
253 4260 464 4335 puae-acrae.
485 4254 559 4317 Hae
579 4264 642 4315 tres
664 4255 724 4314 eto.
746 4252 831 4314 Hanc
853 4268 971 4333 quoque
993 4253 1134 4331 syntaxin
1157 4268 1217 4325 ego
1234 4268 1294 4311 non
1310 4269 1364 4312 as-

180 4370 302 4433 sequor.
344 4351 446 4435 Atque
470 4353 566 4415 oleum
589 4356 620 4416 ct
642 4369 760 4432 operam
781 4351 903 4430 perdas,
932 4351 1008 4412 siin
1032 4350 1058 4414 (i
1081 4350 1107 4411 U
1128 4349 1257 4412 lectione
1279 4353 1363 4412 recte

180 4450 404 4531 interpretanda
432 4454 579 4515 desudes:
608 4470 672 4511 nam
699 4453 838 4529 corrupta
865 4451 924 4511 cst.
967 4449 1000 4511 ln
1029 4468 1091 4510 eam
1124 4449 1217 4526 igitur
1237 4448 1361 4510 discedo

180 4552 375 4632 senteutiam,
414 4554 447 4616 ut
476 4551 527 4616 vel
560 4548 663 4612 mutila
691 4549 817 4612 iudicent
845 4547 895 4611 illa
922 4569 982 4613 urta
1010 4557 1108 4615 autem
1134 4568 1235 4614 earum
1262 4549 1362 4623 dulia,
