2978 4988
437 356 509 433 nc
535 355 725 450 Aooalc
750 357 1028 439 nocemus.
1298 357 1373 433 135

99 592 240 688 oerit,
274 590 477 665 dominus
511 593 611 665 eius
636 589 674 665 Η
686 589 719 668 S
744 601 917 667 centum
942 592 1082 666 millia
1108 591 1273 689 populo

99 708 186 782 det.
245 704 298 783 Si
337 707 436 804 quis
475 708 594 781 circa
630 708 783 800 advoc,
823 731 1012 806 specus,
1052 706 1273 800 fornices,

99 822 321 918 listulas,
370 823 579 918 tubulos,
625 822 847 919 castella,
894 824 1024 896 lacus
1066 847 1277 917 aquarum

101 938 400 1036 publicarum,
437 961 549 1035 quae
583 937 636 1012 ad
667 939 818 1013 urbem
842 938 1022 1012 Romam
1058 938 1277 1011 ducuntur

102 1065 145 1129 et
181 1052 424 1147 ducentur,
464 1053 732 1128 terminatus
769 1055 976 1147 steterit,
1016 1065 1201 1149 nequis
1234 1055 1276 1125 in

104 1192 153 1242 eo
186 1169 289 1242 loco
319 1177 424 1266 post
456 1167 569 1242 hanc
599 1170 747 1268 legem
772 1181 977 1266 rogatam
1002 1169 1108 1267 quid
1133 1191 1276 1268 oppo-

102 1285 216 1380 nito,
255 1283 438 1380 molito,
477 1285 715 1382 obsepito‚
751 1284 911 1383 figito,
945 1289 1162 1379 statuito‚
1198 1308 1278 1381 po-

101 1399 220 1495 nito,
260 1399 515 1493 collocato,
555 1410 701 1495 arato,
741 1403 913 1496 serito,
953 1425 1066 1474 neve
1104 1401 1146 1473 in
1184 1423 1280 1473 eum

103 1513 207 1611 quid
237 1516 483 1611 immittito,
517 1526 831 1612 praeterquam
864 1541 1009 1591 eorum
1041 1513 1278 1591 faciendo-

101 1653 212 1725 rum,
247 1630 602 1730 reponendorum
635 1655 797 1729 causa,
833 1657 946 1730 quae
979 1632 1055 1706 hac
1088 1633 1188 1729 lege
1220 1630 1278 1702 li-

102 1746 244 1842 cebit,
280 1748 518 1845 oportebit.
569 1747 656 1842 Oui
689 1749 913 1824 adversus
947 1773 995 1823 ea
1020 1746 1126 1847 quid
1148 1748 1278 1828 ¹sece-

101 1862 179 1957 rit,
215 1861 436 1938 adversus
468 1889 562 1940 eum
593 1867 783 1963 siremps
815 1864 910 1960 lex,
946 1865 1016 1938 ius
1049 1885 1278 1957 causaque

101 1977 288 2052 omnium
323 2003 473 2055 rerum
510 1981 804 2078 omnibusque
841 1997 969 2075 esto,
1015 1990 1173 2076 atque,
1213 1978 1276 2050 uti

102 2104 236 2168 esset
267 2117 461 2192 esseque
492 2107 752 2195 oporteret,
787 2096 827 2170 si
854 2098 892 2169 is
919 2095 1141 2170 adversus
1167 2093 1277 2166 hanc

100 2207 248 2307 legem
296 2210 462 2308 riuum,
515 2236 702 2311 specum
751 2214 955 2310 rupisset
1001 2212 1276 2285 forassetve.

101 2321 198 2416 Quo
223 2330 370 2400 minus
402 2326 444 2400 in
471 2350 521 2401 eo
546 2329 646 2403 loco
671 2352 865 2427 pascere
892 2325 1093 2421 herdam,
1130 2328 1277 2399 lenum

97 2507 331 2532 ..ιι-.-

139 2613 320 2698 Curatores)
348 2623 390 2690 G:
412 2627 601 2693 curatorum.

98 2799 101 2805 Ι
141 2736 240 2788 vauca
265 2730 369 2805 coqu.)
398 2726 446 2790 V:
469 2749 535 2792 cum
555 2748 645 2810 coqu.
686 2729 730 2791 ll:
752 2749 817 2792 cum
838 2731 1003 2809 ceperitne(
1032 2725 1158 2788 Scilicet
1179 2739 1278 2786 ceusu

100 2816 289 2884 exorabatur
310 2827 366 2902 σᾶ,
388 2826 479 2909 idque
501 2830 705 2909 compendium
727 2831 921 2910 permutatum
943 2843 1008 2888 cum
1030 2830 1080 2888 cu.

139 2918 265 2982 sidilum
284 2927 423 3005 topatio)
445 2945 492 2989 sc.
514 2933 592 2993 esto.
624 2928 671 2993 lta
690 2929 768 2991 euim
790 2928 947 2989 manifesto
969 2925 1081 2989 hahent
1102 2929 1165 2988 tros
1188 2924 1276 2989 codd.

100 3019 181 3086 (non
201 3031 328 3100 reputo,
357 3028 390 3087 ut
417 3023 630 3109 potuerant).
672 3029 749 3093 lidd.
776 3030 893 3089 autom:
920 3027 995 3088 uidit
1023 3026 1171 3105 alropaco
1202 3030 1277 3095 (uon

101 3113 282 3199 oropum,
310 3126 343 3185 ut
363 3123 432 3185 Pol.
448 3123 583 3208 refert).
623 3129 721 3190 Brisa.
743 3129 775 3191 et
796 3125 912 3205 Opsop.
934 3125 1060 3203 legunt:
1088 3126 1164 3188 aidil
1183 3123 1276 3184 abro-

99 3225 200 3294 μαῖαν.
228 3218 278 3282 Cf.
300 3222 394 3285 verba
414 3223 497 3304 legis
519 3225 659 3288 Sullanae
681 3225 749 3290 Cic.
771 3223 969 3288 caecinae:
991 3229 1057 3287 eius
1077 3245 1115 3286 ea
1138 3225 1205 3303 lupe
1225 3225 1275 3281 nu·-

100 3313 190 3380 lo‘lum
209 3329 358 3399 renatum.
388 3322 502 3387 Contra
530 3324 670 3404 Scaliger
696 3326 850 3404 reposuit:
879 3325 1003 3387 nidulum
1024 3335 1161 3404 τομαῖον.
1190 3341 1274 3402 quern

101 3417 198 3480 secuti
219 3422 289 3481 sunt
314 3418 381 3482 Pol.
411 3421 487 3484 Soli.
517 3429 548 3487 et
577 3423 681 3486 lleinr.
712 3425 783 3507 (qui
812 3429 962 3503 comparat
987 3424 1124 3486 Brisson.
1154 3443 1183 3483 v.
1206 3440 1274 3501 rop.

102 3531 131 3575 n.
151 3518 205 3588 3).
247 3516 313 3579 Nos
342 3521 429 3583 codd.
458 3521 618 3586 lectionem
645 3523 854 3602 praetulimus,
882 3525 1058 3602 pracsertim
1079 3541 1165 3602 quum
1188 3523 1276 3582 etiam

102 3612 176 3677 inira
196 3617 227 3677 in
244 3617 338 3681 trihus
355 3622 445 3683 codd.
463 3624 617 3684 videamus
639 3621 763 3685 sidilum
783 3632 911 3702 rapoto,
934 3623 963 3683 in
981 3622 1050 3683 edd.
1067 3626 1163 3684 autem
1179 3639 1277 3700 rupo-

102 3719 157 3778 n'o.
184 3716 234 3782 Gi.
255 3720 348 3781 verba
368 3721 450 3798 legis
471 3740 519 3803 ap.
541 3722 635 3785 (locs.
657 3742 688 3804 p.
704 3726 781 3787 339:
800 3724 1068 3805 pecuniaeque-
1088 3725 1196 3802 peticio
1218 3723 1278 3784 duc

103 3817 171 3897 leqe
191 3825 266 3881 esto.

143 3917 606 3990 wQVMme

141 4017 301 4097 specibus)
330 4019 411 4082 Vct
432 4020 506 4082 add:
529 4017 688 4102 specubus.
710 4034 741 4084 v.
763 4021 798 4082 ad
821 4018 889 4083 Art.
911 4024 979 4084 125.

140 4115 328 4196 fornicibus)
359 4116 386 4179 U
402 4118 432 4181 V
446 4120 487 4182 F:
507 4121 650 4200 seruicia.

143 4215 282 4288 duurire)
311 4214 337 4279 (l
354 4216 398 4280 U:
419 4224 533 4284 aurire.

142 4314 353 4396 perculserint]
382 4318 459 4383 Vct
475 4320 549 4382 cdd:
569 4324 779 4401 permiserunt.
809 4319 871 4382 Sed
889 4317 969 4382 GU:
991 4323 1190 4400 permiserunt
1204 4336 1279 4399 per-

104 4417 246 4477 eliserint.

145 4521 256 4597 aeque)
285 4512 330 4575 U:
352 4535 389 4578 ne
410 4520 470 4600 qui.
