2978 4988
437 112 508 188 DE
534 108 725 204 AOUAE
748 109 1030 195 necamus.

98 345 270 443 deceptos
293 344 418 424 leniter
443 345 602 419 tenenat-i
629 344 788 442 appatuit.
829 346 952 442 ltaque
976 343 1103 421 sedulo
1127 344 1271 421 iabona·
1388 385 1393 393 ·

98 460 232 554 vinus,
271 469 325 553 ut,
366 459 596 555 quantumin
627 456 845 553 nobisiuit,
880 460 984 535 etiam
1015 462 1270 560 ignorarentur,

99 578 156 671 qui
182 587 424 673 peccaverant.
473 577 523 651 lis
548 600 654 671 vere,
682 580 742 672 qui
766 573 931 650 admoniti
954 575 1001 650 ad
1023 577 1272 676 indulgentiam

98 691 324 789 imperatoris
362 692 650 788 decucurrerunt,
688 715 881 790 possumus
918 689 1030 766 videri
1062 717 1172 767 causa
1203 694 1272 766 im-

1198 110 1443 217 ‚aaa

99 808 222 905 peta-ati
252 807 412 882 beneficii
444 808 566 882 inisse.
615 809 656 881 in
685 809 856 906 reliquum
883 831 971 883 vere
997 816 1099 906 epte,
1133 834 1178 884 ne
1204 833 1271 882 ex·
1369 860 1374 907 3

100 924 234 996 secutio
267 923 360 1020 legis
390 925 593 997 necessaria
618 925 682 1021 sit,
717 949 797 1000 enm
822 923 928 1000 officii
951 922 1056 1000 iidem
1081 924 1184 1000 etiam
1208 948 1273 1023 per

101 1040 255 1113 offensas
280 1039 370 1113 tueri
395 1041 615 1136 praestiterit

68 1362 71 1369 ’
130 1358 177 1436 ‚ln
205 1358 325 1440 reliqna
351 1375 424 1420 aero
451 1362 540 1440 epte)
570 1355 649 1433 neg.
676 1354 712 1418 ln
737 1354 882 1438 reliquum
908 1365 992 1436 opto.
1034 1353 1088 1418 Sic
1114 1355 1272 1419 verissime

100 1456 172 1521 Sela.
200 1478 234 1520 v.
257 1456 419 1519 Ferceilin.
446 1476 478 1518 v.
499 1455 587 1539 reliq.
618 1455 669 1518 (ir.
691 1452 739 1529 εἷς
758 1447 795 1517 τὸ
818 1448 940 1521 λοιπόν.
981 1453 1021 1519 Η.
1043 1452 1152 1535 Steph.
1174 1453 1271 1516 diaes.

99 1560 134 1622 L.
157 1557 208 1621 Gr.
234 1556 374 1619 HEINR.
399 1555 523 1619 Retinui
544 1561 641 1620 tamen
661 1573 746 1620 vero.
771 1555 830 1618 Pro
853 1562 926 1638 epto
946 1556 978 1618 in
999 1555 1063 1618 FB
1085 1554 1139 1628 (ad
1160 1559 1272 1635 marg.)
1309 1547 1313 1559 '

99 1677 200 1741 apere.

135 1777 197 1839 per
217 1757 289 1838 eff.)
318 1753 398 1820 Son:
421 1764 528 1820 eontra
548 1755 695 1839 affauens.
722 1774 755 1816 v.
777 1751 904 1819 Atinati·

119 1852 394 1938 praestiterim-J
411 1858 442 1920 et
456 1874 520 1919 ree.
543 1857 613 1919 item
633 1853 705 1919 Pal:
726 1861 874 1936 praestet.
903 1851 966 1916 Sed
981 1854 1045 1933 tres
1061 1852 1157 1916 codd:
1176 1871 1273 1935 prae-

99 1959 185 2021 stitit.
214 1974 256 2018 ex
283 1975 342 2038 quo
373 1953 446 2017 Seia.
473 1955 548 2019 feeit
571 1955 782 2036 praestiterim
806 1951 1005 2033 applaudente
1025 1951 1130 2016 Heinr.
1162 1951 1271 2015 Recte.

99 2056 218 2119 Mediae
246 2054 366 2118 scilieet
392 2053 510 2119 litterae
535 2061 550 2115 t
573 2054 710 2135 antiquus
736 2050 873 2114 librarius
899 2051 1028 2132 aigina,
1055 2070 1115 2135 qno
1137 2050 1272 2130 syllabae

98 2175 131 2218 er
150 2155 221 2219 laea
242 2155 417 2233 utebantur,
443 2154 609 2235 appingere
629 2150 780 2230 neglexit
