2978 4988
104 333 241 418 xvm
602 338 928 420 romanulo

102 571 251 651 bominis
287 569 416 668 iudico,
462 580 524 646 aut
559 597 605 647 ex
643 572 710 647 alic
749 572 828 653 cod.
844 588 847 595 ’
865 581 925 648 aut
962 588 1008 648 ex
1045 575 1288 651 vetustissima
1324 577 1383 653 ed

101 715 241 803 coempta
267 713 302 778 et
326 707 416 778 inter
439 703 628 802 legendum
652 706 857 780 Frontinum
882 714 1057 781 annotata.
1075 746 1126 761 —-
1146 707 1268 783 Pluris
1294 734 1383 784 aes-

100 836 253 935 timanda
285 846 378 933 sunt,
418 859 507 932 quae
540 838 647 913 rubro
682 836 801 911 colore
834 840 923 914 inter
954 839 1065 914 lineas
1090 850 1305 938 annotantur,
1348 853 1385 917 et

100 995 247 1047 numero
279 981 319 1043 ‘ct
357 973 562 1043 auctoritate
600 970 746 1067 potiora.
809 968 904 1047 Sunt
939 995 1026 1045 vero
1065 969 1165 1046 baec.
1213 973 1296 1049 Art.
1335 972 1382 1050 1:

99 1127 239 1181 nosse
275 1100 392 1199 quod
426 1101 628 1199 suscepi.
665 1110 705 1175 ut
737 1102 853 1176 estin
878 1104 1040 1178 omnibus
1064 1104 1176 1179 libris.
1224 1106 1308 1182 Art.
1333 1105 1382 1181 2:

99 1244 178 1311 aut
223 1234 370 1309 aliter.
415 1244 454 1307 ut
496 1243 552 1308 est
588 1234 623 1307 in
661 1234 763 1308 libris
800 1236 961 1312 omnibus
1000 1246 1079 1310 ante
1115 1238 1153 1312 J.
1214 1237 1298 1312 Art.
1335 1239 1382 1313 4:

100 1366 437 1449 ccccxxxxl.
461 1376 499 1439 ut
524 1371 640 1439 estin
664 1366 763 1441 libris
791 1368 962 1442 omnibus.
1011 1366 1151 1444 Artbz
1180 1367 1226 1447 Ο.
1245 1369 1384 1445 Plau-

99 1503 219 1577 tium.
266 1510 301 1577 et
336 1499 419 1574 Art.
455 1496 523 1573 11:
576 1497 919 1598 perducendam.
959 1525 1050 1597 quae
1087 1502 1123 1576 in
1159 1501 1255 1577 nullo
1291 1503 1384 1585 libro

102 1640 281 1735 apparent.
330 1630 414 1705 Has
440 1655 526 1705 esse
550 1655 670 1707 meras
696 1631 958 1709 emendationes
984 1632 1151 1729 affirmes,
1191 1659 1219 1710 e¹
1238 1636 1384 1711 coniec-

99 1778 177 1843 tura
213 1763 388 1865 ingeniosi
425 1763 620 1862 cuiuspiam
656 1765 723 1838 viri
760 1766 850 1841 inter
886 1765 1076 1863 legendum
1114 1766 1238 1842 factas.
1295 1768 1383 1845 Non

98 1896 316 1998 repugnabo.
365 1895 421 1971 At
457 1921 544 1973 vero
584 1898 755 1973 correctio
793 1898 1022 1972 fortassis
1058 1897 1141 1972 Art.
1166 1897 1204 1995 2,
1250 1910 1290 1973 ut
1325 1915 1386 1975 est

98 2038 204 2109 etiam
227 2031 264 2105 iu
289 2025 325 2107 O
349 2029 397 2125 U,
417 2054 497 2126 *pro
532 2030 753 2128 sortasse,
784 2055 856 2111 nou
878 2041 997 2130 potest
1021 2029 1141 2107 baberi
1165 2056 1230 2130 pro
1257 2056 1382 2108 emen-

98 2165 237 2241 ‹htione
275 2161 415 2237 fortuito
453 2162 556 2259 facta,
603 2164 708 2238 irnrno
747 2174 893 2262 accepta
931 2162 1036 2240 debet
1073 2162 1193 2239 baberi
1230 2187 1276 2239 ex
1314 2166 1385 2243 alio

97 2299 200 2373 libro.
248 2293 348 2372 Idem
374 2293 466 2369 cadit
489 2296 525 2369 in
551 2294 649 2391 baec,
690 2320 781 2393 quae
812 2298 847 2371 in
881 2296 960 2372 aliis
985 2296 1086 2372 libris
1112 2297 1242 2372 frustra
1267 2322 1383 2395 quae

95 2453 172 2507 ras.
203 2427 286 2505 Art.
310 2425 355 2502 2:
382 2429 543 2506 veluti.
592 2428 675 2535 Art.
714 2428 783 2505 19:
813 2429 1073 2528 exiguntur,
1101 2455 1164 2528 pro
1190 2431 1382 2507 coniun-

98 2571 283 2665 guntur,
324 2559 368 2637 de
402 2585 471 2660 quo
505 2561 803 2661 supradiximus.
851 2562 935 2639 Art.
959 2562 1004 2638 7:
1044 2563 1292 2639 Statumine
1317 2565 1383 2639 si·

98 2698 247 2797 ginno,
282 2695 414 2792 scripta
438 2694 548 2771 verba
573 2717 683 2792 super
707 2695 860 2774 statim
884 2695 1115 2791 stagnino.
1141 2695 1272 2773 ‘Adde
1295 2694 1381 2769 Art

98 2827 161 2927 19,
186 2827 402 2907 1ub‘everba
436 2827 555 2901 intra
588 2826 744 2902 urbem
777 2837 940 2900 euntes
981 2827 1095 2926 (quae
1121 2826 1319 2903 seruantV
1345 2838 1383 2901 et

99 2959 203 3060 add.)
237 2960 342 3033 minio
370 2957 529 3032 delentur
554 2968 589 3033 et
614 2983 722 3055 supra
747 2960 912 3033 scribitur
953 2960 1119 3055 ,deest“:
1162 2986 1242 3035 cunr
1267 2961 1382 3037 vesti-

99 3097 160 3195 gia
184 3093 310 3167 saltem
334 3091 521 3165 verborum
548 3093 666 3167 intra
694 3101 858 3167 euntes
884 3093 919 3165 in
945 3091 978 3171 O·
1005 3095 1042 3172 U
1066 3105 1276 3192 appareant,
1317 3064 1380 3167 ress

99 3229 267 3331 spexisse
301 3225 345 3323 is,
381 3227 439 3323 qui
473 3223 540 3299 hoc
573 3231 761 3320 annotavit,
801 3224 846 3299 ad
878 3227 1092 3324 incognitum
1123 3226 1226 3301 nobis
1259 3227 1384 3301 librum

99 3361 249 3443 videtur.

198 3494 388 3567 Postremo
426 3489 471 3566 de
508 3491 630 3566 formis
668 3491 921 3566 vetustioribus
960 3489 1064 3587 (Art.
1102 3487 1139 3563 2.
1165 3488 1260 3565 8.,8.
1287 3488 1382 3565 10οε

100 3651 241 3728 quom.
290 3624 372 3701 Art.
398 3621 442 3701 3:
470 3622 702 3721 quoique)
729 3625 784 3697 sic
808 3623 935 3698 iudico.
986 3620 1030 3698 Si
1056 3620 1169 3697 allatis
1194 3620 1284 3695 locis
1306 3621 1382 3696 ior·

100 3785 179 3841 mas
203 3758 417 3834 vetustiores
444 3755 665 3852 admittimus
707 3758 867 3852 quoniam
890 3754 1096 3828 Frontinum
1123 3778 1165 3826 ea
1189 3753 1224 3826 in
1249 3778 1288 3828 re
1314 3757 1382 3831 sibi

102 3893 304 3971 constitisse
317 3889 507 3971 verisimile
522 3899 588 3985 est,
612 3887 781 3965 debemus
797 3887 897 3961 etiam
911 3884 1006 3977 aliis3
1035 3895 1070 3958 et
1090 3884 1299 3982 corrigendo
1312 3913 1382 3965 non
1414 3950 1420 3974 Α.

101 4029 170 4113 erit
198 4024 315 4101 finis,
342 4022 444 4098 'l'alia
477 4024 510 4096 in
547 4020 650 4097 codd
686 4019 873 4101 Ciceronis
900 4015 1158 4113 Caesarisque
1176 4032 1380 4117 occurrunt3

102 4128 252 4239 attdmen
264 4157 392 4230 nemini
404 4156 439 4230 in
451 4165 602 4237 mentem
617 4155 746 4247 veniet,
768 4174 810 4224 ea
835 4147 1066 4245 scriptoribus
1090 4149 1180 4248 ipsis
1192 4151 1382 4231 vindicare.

101 4294 214 4371 immo
239 4311 319 4365 cum
330 4288 523 4363 Frontinus
549 4289 653 4362 etiam
679 4289 713 4359 iu
738 4281 865 4358 ceteris
891 4280 1033 4377 scriptis
1060 4285 1137 4359 suis
1164 4286 1207 4359 ab
1234 4284 1288 4363 bis
1304 4288 1380 4365 ior.-

101 4422 385 4517 nisabstineat,
426 4444 490 4496 eas
516 4421 606 4497 inani
631 4416 848 4510 librariorum
875 4416 1058 4488 vetustatis
1085 4417 1295 4499 affectationi'
1316 4425 1382 4497 tri·

102 4548 263 4645 bnendas
288 4580 375 4635 esse
401 4579 554 4654 oeuseo;
594 4575 683 4655 quae
716 4546 888 4623 scatentia
913 4546 1111 4627 confirmari
1134 4553 1380 4659 videturne.
