2978 4988
477 302 920 386 ANNO'I'A'I'IONES.

674 547 724 605 ii.

138 659 359 743 acquisitione)
382 659 456 723 Sch.
481 660 636 722 commode
658 659 759 720 reddit
780 657 1017 738 „urniorungs‘

139 777 311 857 confertum
333 775 410 858 eto.)
433 778 470 841 ln
491 796 624 838 massam
646 774 820 857 nonsaroire
842 775 997 854 aptissima
1012 775 1139 835 formula
1155 776 1214 836 est.
1238 776 1343 863 Quan-

44 911 141 976 ⁸qnam
163 891 243 955 haud
263 894 463 955 necessarium
487 896 545 971 est,
568 897 602 955 ut
621 893 805 972 primitivae,
828 910 912 972 quam
935 889 1009 953 sou.
1028 889 1170 973 [vertens
1192 892 1345 972 „ineiuen

54 1007 155 1071 Teioh
178 1007 524 1090 zusammengestopi‘t“]
547 1010 675 1071 reddere
697 1013 821 1071 oouatus
845 1010 910 1086 est,
940 1006 1154 1084 significationi
1181 1007 1343 1073 inhaerea-

54 1145 129 1190 mus.
174 1126 328 1208 Siquidem
349 1146 473 1204 mosso‚
496 1128 532 1189 de
555 1144 727 1209 quacunque
749 1126 815 1187 rudi
838 1128 869 1186 ot
890 1126 1002 1185 iniecta
1023 1125 1102 1186 mole
1125 1125 1263 1187 usitatum
1292 1123 1342 1207 (v.

53 1242 191 1306 Brisson.
208 1239 270 1322 m),
292 1241 362 1304 hino
386 1245 424 1304 do
445 1262 552 1321 magno
575 1241 734 1304 cuiuslibet
754 1241 798 1302 rei
819 1240 929 1302 ambitu
951 1244 1039 1323 atque
1061 1243 1149 1302 etiam
1167 1241 1204 1304 de
1225 1244 1344 1320 magnis

54 1360 185 1422 numeris
206 1361 238 1421 in
260 1378 346 1421 unam
369 1380 507 1422 summam
530 1358 661 1421 redactis
684 1358 811 1437 diuitum
840 1359 926 1418 ouius
947 1361 1118 1436 postremae
1140 1358 1344 1436 significatio-

55 1477 104 1536 nis
125 1477 214 1538 testis
236 1479 284 1537 est
306 1475 466 1538 Frontiuus
488 1476 548 1538 hoo
570 1476 652 1554 loco,
675 1492 761 1557 quem
784 1492 1012 1537 commemorare
1035 1473 1140 1535 saltem
1163 1473 1343 1554 lexicogra-

54 1590 107 1674 phi
128 1592 287 1655 dehebant.
332 1589 380 1654 Oi.
403 1597 466 1657 not.
488 1611 553 1675 seq.
910 1657 913 1663 ,

135 1709 233 1790 salsis
252 1710 437 1790 nominibus)
460 1709 534 1774 sm.
558 1710 615 1790 „ja
637 1708 734 1770 seibst
755 1709 810 1769 nui
828 1705 1040 1785 ungehiirigen
1056 1706 1265 1786 Reehnungen
1287 1727 1344 1769 an-

55 1823 209 1902 gesetut.“
230 1825 325 1888 Beue.
368 1827 461 1914 Quam
484 1825 733 1904 significationem
755 1824 917 1887 Frontinus
940 1843 980 1885 ex
1002 1844 1035 1886 re
1056 1826 1231 1904 pecuniaria
1251 1843 1344 1905 repe-

56 1942 114 2002 tiit.
157 1941 275 2004 Masso
302 1946 422 2005 constet
443 1942 655 2023 expertibus,
682 1959 759 2024 quae
780 1945 883 2021 partes
905 1945 1052 2003 vocantur
1078 1946 1200 2003 nomino
1228 1939 1343 2023 (veluti

56 2055 242 2138 „Posten“).
284 2059 475 2120 perornasse
498 2061 586 2121 etiam
608 2059 704 2139 ipsum
725 2056 904 2119 vocabulum
931 2077 1036 2120 mossn
1064 2061 1094 2119 in
1116 2076 1149 2118 ro
1171 2056 1346 2138 pecuniaria

56 2174 94 2234 do
115 2176 263 2253 pecuniae
286 2193 397 2235 summa
418 2175 632 2255 usurpabatur:
654 2191 746 2255 quare
769 2177 923 2255 utrumque
946 2173 1066 2235 dicendi
1088 2192 1188 2252 genus
1205 2176 1345 2253 proxime

55 2307 90 2350 se
113 2291 280 2369 excipiunt.

135 2426 195 2489 per
215 2409 337 2468 nomino
357 2404 522 2488 aquarum]
553 2402 633 2468 Solu
657 2403 759 2486 „nach
782 2404 840 2465 den
861 2403 1071 2482 Reolrnuugen
1095 2403 1147 2464 dor
1169 2403 1343 2481 Gen-isser,

54 2520 115 2582 wie
137 2522 183 2581 sie
207 2521 357 2583 dormalen
380 2520 521 2598 iiogen.“
561 2521 645 2583 Ilaeo
667 2520 779 2600 verba,
803 2522 890 2582 etiam
912 2521 951 2581 od
972 2519 1058 2581 finem
1080 2519 1148 2582 Art.
1173 2526 1210 2582 is
1232 2521 1344 2600 posite,

54 2634 142 2699 aliter
163 2635 234 2696 mihi
257 2638 403 2716 capienda
425 2656 493 2699 esse
516 2638 716 2700 videbantur..

138 2751 449 2835 comprehensionem)
484 2753 504 2814 i.
527 2738 791 2816 enumerationem.
829 2753 956 2841 Quintil.
985 2751 1040 2815 xi.
1064 2758 1092 2815 l.
1115 2758 1152 2817 51
1185 2757 1216 2816 ot
1238 2753 1343 2834 Spald.

54 2866 196 2932 nulum.

136 3004 283 3066 ponemus
303 2996 398 3049 tamen
420 2983 497 3070 eto.)
527 2986 601 3050 Scir.
626 2989 755 3066 „iassen
786 2991 843 3050 wir
864 3007 920 3050 uns
942 2988 1014 3049 aber
1034 2988 1088 3049 aui
1106 2988 1160 3048 dos
1182 2987 1343 3066 Kdrueste,

57 3101 147 3162 domii
169 3101 269 3164 nichts
290 3102 456 3179 gleichsam
478 3121 541 3164 von
564 3103 628 3165 dem
641 3104 824 3167 Gruudrisse
847 3103 1058 3165 desDieustes
1081 3105 1179 3166 denen
1196 3103 1342 3186 eutgehe,
1432 3097 1436 3103 ¹

55 3214 193 3278 welolreu
216 3219 265 3280 die
287 3219 468 3296 aligumeiue
489 3217 669 3281 Uehersiolrt
689 3223 846 3299 geriget3
869 3237 905 3280 so
928 3219 997 3279 dari
1014 3238 1079 3280 man
1100 3218 1346 3297 Unwiohtigeres

56 3332 271 3411 iihergnhen.“
318 3335 375 3397 Vir
408 3337 516 3397 doctus
542 3337 717 3397 structuram
753 3354 813 3397 non
846 3337 1004 3396 assecutus
1041 3336 1099 3395 est.
1141 3331 1345 3407 Ἀσυνδέτως

55 3449 206 3512 sententia
227 3450 330 3512 licebit
350 3454 485 3513 transire
507 3452 627 3513 leviora
654 3468 719 3512 cum
746 3450 939 3530 praecedeuti
963 3453 1122 3512 coniuncta
1143 3459 1210 3530 est,
1234 3452 1345 3512 omissa

54 3565 204 3645 particulo
224 3567 419 3630 adversativa
439 3577 560 3644 nutem·
581 3568 661 3649 quod
683 3585 748 3630 oum
770 3567 884 3630 librarii
896 3585 1014 3650 quoque
1036 3584 1094 3628 non
1116 3571 1271 3648 caperent,
1293 3567 1344 3629 alii

55 3680 145 3745 aliter
164 3683 328 3747 mutabant.

676 3885 727 3946 IS.

137 4036 255 4094 nomine
276 4032 440 4109 Caesaris)
463 4032 575 4095 Eadem
597 4031 712 4094 locutio
733 4032 803 4095 Art.
825 4037 857 4095 3.
880 4036 932 4095 23.
956 4036 1006 4095 ³9.
1028 4037 1079 4095 80.
1102 4053 1169 4116 sqq.
1202 4031 1250 4094 Oi.
1272 4033 1351 4096 Art..

58 4151 134 4210 108:
156 4150 292 4228 Ampusti
313 4152 440 4211 nomine.
485 4147 602 4231 Ubique
625 4147 698 4210 Scir.
720 4147 775 4210 v1.
797 4154 817 4211 8
847 4151 884 4210 de
906 4167 962 4211 suo
986 4150 1107 4227 ingenio
1131 4149 1266 4211 correxit
1285 4165 1345 4208 no-

56 4267 138 4325 mini.
181 4264 263 4327 Libri
286 4270 343 4327 tam
365 4266 470 4346 soripti
493 4283 577 4348 quam
601 4264 674 4327 editi
695 4266 734 4327 ad
755 4284 842 4326 unum
865 4283 969 4327 omnes
990 4266 1101 4348 ubique
1123 4264 1273 4326 mordicus
1295 4268 1346 4322 te-

57 4371 280 4458 oont'nonne,
308 4384 351 4445 ita
372 4385 405 4443 ut
426 4400 464 4443 ne
486 4382 634 4444 minimum
660 4381 779 4463 quidem
807 4381 908 4444 variae
936 4380 1080 4443 lectionis
1101 4379 1265 4455 vestigium
1287 4374 1349 4458 npae'

56 4500 170 4575 pareat.
218 4495 321 4580 Atque
347 4497 515 4562 emendatio
557 4501 683 4575 nomini,
709 4497 783 4560 licet
805 4497 899 4577 primo
926 4497 1071 4578 adspectu
1100 4496 1276 4577 praesertim
1306 4494 1345 4556 ob
