2978 4988
430 294 502 370 DE
528 292 719 387 Aounlu
744 290 1026 372 nocemus.

80 551 168 601 anno
196 538 279 626 post
304 528 438 607 Urbem
464 527 637 605 conditam
661 526 884 626 mccxlii,
932 527 977 602 ad
1001 527 1194 600 milliarium
1227 528 1270 603 ab

48 643 179 721 -Urbe
212 645 303 742 xil,
350 646 410 720 via
440 646 585 742 Latina,
627 645 831 719 diverticulo
870 645 1033 719 euntibus
1072 645 1115 718 ab
1155 644 1272 718 Roma

80 758 288 834 dextrorsus
319 762 461 835 millium
494 785 666 860 passuum
700 761 817 855 duum,
857 763 1001 834 alterius
1037 754 1149 857 aquae
1182 785 1268 858 pro-

78 878 174 974 prias
200 879 298 950 vires
326 877 471 976 collegit
496 887 530 950 et
557 877 718 975 'Papulae
744 879 857 949 rivum
884 878 1076 976 intercepit.
1126 876 1270 974 Aequi-

78 993 167 1067 sitae
195 1016 309 1089 aquae
335 992 378 1068 ab
404 994 586 1068 inventore
612 1017 739 1066 nomen
763 993 882 1067 Juliae
909 993 1025 1067 datum
1052 1003 1118 1087 est,
1146 993 1193 1066 ita
1213 1003 1271 1066 tu-

78 1131 156 1181 men
173 1107 289 1183 divisa
307 1109 523 1206 erogatione,
538 1121 577 1183 ut
592 1120 750 1184 maneret
764 1109 924 1206 'l'epulae
942 1107 1138 1208 appellatio.
1164 1109 1271 1184 Due-

79 1235 134 1296 tus
155 1223 275 1298 Juliae
295 1224 402 1299 efficit
419 1225 670 1323 longitudinem
689 1249 859 1323 passuum
880 1215 1272 1301 x'VttCGGXXVI.

79 1360 128 1411 s:
169 1364 278 1437 opere
312 1363 421 1438 supra
448 1352 580 1415 terram
605 1366 776 1441 passuum
803 1327 899 1413 Vll:
944 1365 989 1413 ex
1016 1364 1059 1414 eo
1085 1340 1120 1412 in
1144 1340 1270 1437 proxi·

79 1454 145 1526 mis
180 1454 290 1532 Urbis
322 1457 412 1531 loeis
446 1482 467 1530 a
501 1459 580 1531 Vll
612 1457 769 1531 milliario
804 1456 1066 1530 substructione
1099 1478 1272 1553 passuum

78 1569 304 1666 DXXV1H3
321 1573 455 1669 reliquo
470 1598 577 1671 opere
592 1583 734 1647 arcuato
748 1597 919 1669 passuum
926 1554 1270 1649 WCOCOLXII.

79 1685 230 1760 Praeter
256 1701 361 1786 eaput
385 1689 504 1763 Juliae
529 1689 701 1762 transiluit
732 1713 839 1785 aqua,
881 1712 972 1785 quae
997 1697 1146 1762 vocatur·
1172 1685 1270 1766 Ora-

79 1800 151 1895 bra.
202 1803 306 1878 Hane
330 1803 498 1903 Agrippa
524 1807 649 1901 omisit,
678 1829 745 1878 seu
772 1806 851 1901 quia
876 1804 1156 1903 improbaverat,
1191 1803 1271 1878 sive

80 1919 160 2015 quia
190 1919 418 1995 'Tusculanis
464 1923 743 2019 possessoribus
782 1919 1045 2018 relinquendam
1084 1920 1270 1996 eradebat:

79 2185 208 2252 deretur.
233 2186 265 2251 V
290 2187 315 2250 F
340 2186 384 2254 01
430 2186 493 2253 Vll
518 2190 579 2252 mil.
608 2187 869 2252 CCCCXXVHI.
917 2189 1035 2272 reliquo
1064 2207 1115 2272 up.
1138 2202 1208 2270 pro:
1229 2219 1272 2233 -

80 2284 212 2351 XXVII
231 2305 274 2366 a,
297 2289 466 2372 etreliqua
489 2307 506 2350 e
528 2308 594 2372 seq.
615 2287 675 2350 lme
696 2288 868 2353 translatum
891 2293 949 2351 est.

121 2405 143 2448 a
168 2385 231 2449 Vll
247 2387 339 2461 mill.)
362 2389 480 2449 damnat
501 2388 573 2449 Soh.
596 2387 635 2448 Η.
658 2391 688 2450 ἶ.

119 2482 289 2568 transfluit]
312 2485 354 2552 U:
375 2488 543 2550 transtulit.
564 2487 641 2550 lllox
662 2505 717 2566 pro
741 2485 862 2548 Crabra
881 2484 913 2549 V
932 2487 956 2549 F
977 2484 1019 2550 0:
1045 2485 1158 2548 Treba.

120 2589 231 2661 omisit,
252 2605 307 2648 seu
329 2590 401 2670 quia
421 2583 510 2668 imp.)
553 2586 599 2648 lta
621 2585 657 2651 C.
700 2584 733 2647 ln
749 2583 777 2646 U
796 2585 815 2646 J
836 2587 868 2647 et
888 2602 955 2650 reu:
977 2588 1084 2647 emisit.
1107 2585 1270 2647 Praeterea

80 2682 107 2746 V
127 2685 168 2749 Ft
190 2689 290 2747 emisit
310 2683 371 2766 (Vt
393 2691 524 2749 emissae
545 2683 561 2768 J
584 2707 669 2749 usum
691 2683 925 2767 improbaverat,
946 2704 1010 2746 seu.
1031 2685 1074 2750 B:
1097 2689 1197 2748 emisit
1214 2703 1269 2746 seu

80 2787 151 2871 paria
171 2804 256 2847 usum
278 2787 348 2867 imp.
394 2785 485 2848 Usum
507 2786 755 2864 interpretatione
777 2787 894 2862 natum3
916 2802 981 2845 nam
1002 2784 1082 2846 banc
1103 2788 1202 2846 emisit
1221 2787 1271 2846 est

80 2883 211 2960 „omisit
237 2902 274 2946 ea
300 2883 385 2946 oti.“
429 2883 479 2948 Gt.
507 2885 639 2947 Buusen.
670 2881 847 2947 Beselrreih.
874 2883 927 2944 der
955 2883 1002 2946 St.
1029 2885 1117 2948 lium.
1158 2885 1215 2947 Bd.
1242 2882 1268 2948 1.

79 2980 254 3157 saduodes)
277 3079 331 3146 Sis
353 3080 381 3144 U
401 3081 430 3146 J.
452 3081 524 3146 lnG
545 3081 605 3144 hos
625 3081 748 3144 verbum
771 3082 986 3161 compendiosa
1006 3083 1156 3162 scriptura
1177 3081 1268 3144 exlrl-

80 3179 167 3244 betur
194 3182 254 3259 ita‚
282 3183 315 3244 ut
338 3181 429 3243 valde
457 3180 584 3244 dubitari
615 3183 733 3261 possit,
760 3199 826 3241 num
855 3184 1003 3243 circuitus
1028 3182 1189 3258 legendnm
1215 3183 1268 3245 sit.

79 3277 166 3343 POL.
209 3280 352 3344 Praefers
375 3285 531 3357 circuitus,
552 3300 639 3362 quum
661 3282 703 3342 sit
723 3279 953 3357 significantius.
973 3279 1072 3343 Risus
1094 3282 1125 3342 in
1146 3278 1280 3342 vallium.

79 3379 261 3456 marginibus
284 3381 322 3441 ad
344 3381 525 3457 irrigandum
547 3380 765 3442 circumductus
786 3377 878 3442 babet
895 3382 1072 3458 circuitam
1094 3383 1207 3442 tractus
1221 3382 1266 3443 ir-

78 3478 221 3554 rigandos
241 3481 324 3540 caret
345 3480 486 3556 imagine.
529 3477 620 3542 SOH.
665 3479 724 3567 Qui
747 3476 905 3541 Sebultnio
928 3477 1104 3541 codicemC
1127 3479 1267 3561 descrip-

79 3577 130 3652 sit,
153 3594 170 3637 e
188 3579 366 3657 compendio
389 3578 512 3642 eruebat
533 3582 688 3639 transitus.
730 3577 795 3640 lllei
816 3583 913 3640 antem
936 3578 1016 3640 ouuli
1037 3576 1117 3639 lraud
1139 3580 1267 3644 obscure

81 3674 187 3736 rident
208 3685 347 3742 tractus:
368 3697 433 3739 nam
454 3678 613 3739 manilesta
634 3680 683 3739 ost
703 3675 805 3739 littera
824 3676 949 3739 initialis
971 3687 992 3754 t,
1018 3679 1056 3739 ad
1078 3680 1163 3741 onius
1187 3681 1266 3743 dex-

80 3774 150 3834 tram
172 3793 263 3854 supra
282 3777 459 3856 appingitur
480 3777 589 3854 siglam
599 3770 624 3852 ἲ,
645 3776 724 3859 quod
747 3779 779 3838 et
798 3795 832 3838 re
853 3779 885 3838 et
905 3796 942 3838 ra
964 3776 1094 3839 inlibris
1117 3777 1197 3842 solet
1218 3780 1266 3842 si-

79 3872 240 3952 guilisare3
264 3879 428 3959 sequuntur
448 3875 567 3938 litterae
589 3884 666 3954 ctas,
688 3893 807 3958 quarum
830 3895 897 3938 ceo
914 3880 962 3939 est
977 3878 1078 3957 paullo
1096 3877 1264 3960 obscurior,

80 3971 158 4051 quod
186 3989 284 4051 paene
310 3973 393 4036 linea
418 3978 501 4037 rosta
526 3974 663 4037 elevatur
689 3977 721 4036 et
746 3973 827 4051 siglo
857 3974 901 4036 illi
923 3976 1050 4057 paullum
1072 3978 1263 4041 immiscetur.

83 4069 212 4131 Tractus
234 4074 300 4134 eine
320 4073 342 4137 i.
363 4089 392 4137 e.
412 4075 560 4150 regionis.
605 4072 654 4137 Gt.
675 4072 744 4137 Art.
765 4078 824 4138 21:
852 4075 931 4137 ande
955 4097 1013 4159 per
1034 4076 1117 4140 illum
1138 4083 1267 4142 tructam

80 4165 280 4231 distribuitur.
301 4170 440 4255 Denique
462 4173 493 4234 V
507 4174 547 4238 F:
569 4174 665 4235 uillae
685 4181 819 4235 tractant
835 4194 893 4257 per
912 4179 1019 4241 vicem.

118 4267 333 4352 modulosque)
355 4271 393 4334 F:
415 4271 605 4355 modulisque
625 4278 728 4336 eertis.

118 4365 264 4455 Sedasa
285 4366 372 4448 ead.)
395 4369 502 4432 Plures
524 4372 593 4433 edd.
616 4375 696 4433 teste
717 4371 851 4439 Poleno:
875 4374 958 4457 disp.
974 4379 1139 4461 accipiunt,
1161 4375 1265 4439 sed-

79 4464 294 4532 moderatione.
335 4470 452 4551 Apuar.
479 4473 511 4534 et
539 4468 655 4532 Adlero
684 4474 832 4537 testante:
877 4473 1103 4626 dispeusagm,
1145 4475 1203 4539 sed
1222 4510 1264 4523 -

1048 4573 1073 4613 ῃ,

1319 292 1372 370 ta
