2978 4988
476 356 920 437 ANNO'I'A'PIONES.
1271 359 1345 434 ali

139 593 312 671 Pedurae'ua)
335 593 394 656 boa
417 596 595 673 cognomine
618 598 765 671 vocatus,
793 596 875 676 quod
901 598 988 674 pater
1010 597 1075 655 eius
1098 598 1148 656 aui
1170 613 1245 656 arua
1268 595 1346 658 inter

56 709 224 773 Senatores
249 711 391 790 pedarios
418 711 526 770 iuerat.
557 708 684 772 Sueton.
714 710 763 770 de.
794 709 838 774 iii.
870 709 921 773 (ir.
949 729 975 772 e.
998 715 1029 771 3.
1060 728 1104 789 pr.
1128 710 1286 775 Forreiiin.
1316 717 1348 772 et

55 827 177 888 Ernest.
202 829 232 887 in
254 823 341 888 Clau.
364 846 395 887 v.
422 825 584 907 pedurios.
613 824 752 889 HEINR.
794 826 843 886 De
870 824 1015 888 Pedarir's
1041 826 1176 905 pluribus
1197 830 1263 905 agit
1283 829 1346 890 Bu-

57 945 151 1005 daous
172 942 286 1005 Annei.
309 942 339 1003 in
360 941 503 1003 Pendeat.
531 962 561 1020 p.
584 947 634 1003 51.
656 941 692 1002 Β.
715 941 815 1003 Lniet.
841 945 929 1004 1556.

140 1062 229 1140 quasi
254 1057 484 1136 mopisrotibos)
519 1056 650 1121 Casaub.
681 1057 719 1118 ad
746 1056 875 1120 Sueton.
901 1056 985 1134 Aug.
1014 1076 1040 1121 e.
1062 1063 1112 1120 31.
1155 1056 1221 1120 Cic.
1243 1059 1284 1122 li.
1308 1061 1346 1123 da

56 1175 91 1237 L.
108 1176 189 1252 Agr.
211 1171 247 1253 S.
272 1178 309 1235 li
333 1178 391 1235 etc.
414 1172 551 1235 iibiiNR.
596 1171 794 1236 casaubonus
816 1172 857 1232 ibi
883 1173 952 1252 plus
975 1172 1067 1234 semel
1083 1173 1254 1237 Frontinum
1275 1195 1346 1239 rea-

57 1292 144 1370 pieit,
168 1296 200 1350 et
216 1309 256 1350 ex
279 1308 315 1350 eo
339 1289 516 1351 Suetonium
539 1287 679 1350 illustrat.

138 1405 272 1468 Senutrra
301 1405 483 1475 coasultum)
519 1403 568 1465 De
600 1405 694 1465 iorma
723 1402 872 1467 SGtorum
905 1404 1051 1468 Heineee.
1087 1406 1193 1489 Antiq.
1230 1427 1260 1487 p.
1294 1413 1343 1474 11.

61 1518 171 1585 bianut.
194 1522 230 1582 ad
254 1520 321 1584 Cio.
344 1522 443 1600 Epist.
466 1520 545 1582 i'am.
568 1519 652 1580 Viii.
676 1526 706 1580 8.
729 1540 759 1600 p.
782 1524 854 1583 551.
899 1521 965 1584 cre.
988 1521 1067 1583 Phil.
1090 1521 1130 1584 V.
1155 1526 1204 1583 19.
1249 1523 1344 1587 Gara-

58 1643 121 1698 tou.
145 1639 180 1698 ad
204 1637 282 1701 Phil.
304 1635 361 1698 111.
385 1642 463 1697 extr.
506 1636 596 1698 Reiz.
618 1635 658 1700 R.
678 1636 812 1701 Aitertb.
834 1656 864 1717 p.
887 1641 958 1698 aaa.
981 1636 1119 1701 HEINR.
1336 1632 1339 1639 ’

664 1909 734 1965 100.

144 2102 180 2166 V.
203 2103 257 2178 F.)
287 2101 473 2180 „voluerunt
494 2104 595 2165 iieri.“
628 2102 768 2165 birnstius
790 2104 827 2164 ad
849 2103 954 2166 i'aier.
978 2105 1068 2165 Prob.
1087 2124 1116 2183 p.
1142 2110 1211 2167 152.
1235 2106 1345 2171 Ιηιιυοε

58 2219 172 2296 ,verba
194 2216 370 2280 iecerunt.“
401 2218 472 2280 Vid.
494 2216 579 2281 Cart.
602 2218 638 2279 ad
661 2218 726 2282 Cio.
748 2219 807 2298 Ep,
831 2220 867 2279 ad
889 2220 963 2282 Diu.
986 2219 1072 2280 Viii.
1095 2224 1132 2296 8,
1158 2225 1194 2283 ia
1217 2228 1249 2284 et
1269 2241 1345 2306 qnos

58 2333 168 2397 iaudat.
182 2335 310 2396 Sueton.
334 2334 370 2394 de
388 2333 425 2394 oi.
438 2332 528 2395 libet.
542 2341 571 2395 1.
585 2335 721 2395 brisson.
745 2335 782 2394 de
793 2334 890 2396 Form.
902 2336 1002 2396 Ernst.
1020 2335 1041 2395 i.
1053 2334 1073 2396 i.
1091 2355 1121 2415 p.
1136 2341 1194 2398 156
1205 2316 1344 2403 Haisa.
1417 2419 1419 2423 .

140 2450 186 2512 D.
209 2450 251 2511 E.
274 2438 315 2511 R.
339 2454 413 2521 eto.)
442 2448 477 2510 id
504 2453 569 2511 esta
593 2449 629 2510 de
651 2467 688 2510 ea
709 2467 742 2510 re
764 2450 836 2530 quid
858 2450 921 2511 iieri
943 2451 1097 2531 piaoeret,
1126 2453 1164 2513 de
1192 2471 1228 2514 ea
1249 2472 1282 2515 re
1304 2454 1346 2517 ita
1442 2466 1447 2475 “

58 2569 247 2630 censuerunt.
290 2564 431 2628 Ordinem
454 2564 599 2626 formulae
620 2567 651 2626 in
673 2583 759 2648 seqq.
789 2564 919 2627 Senatus
941 2566 1088 2628 consuitis
1109 2567 1167 2629 sibi
1189 2586 1247 2631 non
1269 2586 1345 2632 con-

59 2687 138 2746 stare
160 2681 361 2762 reperiernusa
393 2681 461 2742 item
479 2699 537 2741 non
560 2681 669 2762 ubique
691 2681 782 2760 piena
803 2681 929 2743 iormuia
957 2684 1174 2764 usurpabatur,
1202 2685 1346 2748 adfinem

59 2803 155 2860 tamen
179 2798 244 2858 iere
266 2795 414 2861 babebat:
448 2797 488 2859 R.
510 2797 545 2858 J.
568 2798 601 2860 0.
623 2831 663 2842 —-
706 2796 855 2877 Syntaxis
883 2797 942 2859 ioei
972 2803 1036 2861 est:
1073 2799 1163 2888 Quod
1193 2797 1345 2864 Consules
1472 2885 1477 2891 ι

58 2914 151 2975 verba
173 2914 309 2975 iecerunt
330 2913 368 2974 de
390 2931 529 2996 aquarum
552 2909 749 2974 (iuratoribus
772 2914 958 2992 ordinandis,
981 2917 1003 2977 i.
1027 2935 1054 2979 e.
1077 2918 1158 3000 quod
1181 2914 1289 2980 attinet
1309 2916 1347 2982 ad
1411 2937 1417 2946 ·

58 3031 108 3109 id,
136 3029 216 3112 quod
247 3028 399 3092 Consules
421 3029 458 3090 de
488 3046 627 3110 aquarum
659 3029 856 3093 curatoribus
888 3031 1060 3092 ordinandis
1090 3032 1184 3096 verba
1205 3035 1345 3098 ieeeruot

58 3147 96 3208 de
119 3164 154 3207 ea
175 3163 208 3206 re
230 3144 300 3226 quid
318 3143 381 3205 iiori
401 3143 547 3222 piaoeret,
569 3144 613 3204 ita
634 3149 824 3208 censuerunt.

140 3280 207 3322 eom
228 3263 293 3321 eius
314 3264 360 3321 rea·
377 3264 492 3332 eausa)
513 3259 622 3320 'Potum
644 3258 724 3320 huno
739 3258 837 3321 iocum
856 3260 1016 3339 desoripsit
1028 3261 1177 3338 Sigonius
1200 3263 1341 3347 deaotiq.

57 3377 121 3439 inre
150 3376 258 3438 civium
286 3377 363 3438 Rom
385 3374 424 3438 ii.
449 3382 496 3438 15.
526 3396 556 3456 p.
582 3380 651 3436 105.
680 3375 819 3436 Franooi.
845 3379 935 3439 1593.
965 3381 997 3437 ui
1019 3377 1212 3456 ostenderet,
1236 3395 1345 3442 servos

56 3491 196 3572 publicos
218 3492 296 3553 aiios
318 3488 412 3554 fuisse
434 3511 452 3552 a
472 3491 644 3554 lictoribus.

137 3628 195 3687 per
216 3626 292 3689 quos
310 3606 491 3688 framearum
511 3607 615 3689 plebei
644 3608 751 3677 datur)
785 3604 949 3670 Curatores
982 3609 1132 3671 frumenti.
1161 3609 1278 3674 Sorano
1307 3616 1345 3676 ad

56 3723 166 3785 Sidon.
189 3723 288 3802 Epist.
311 3743 341 3803 p.
365 3725 415 3784 13.
446 3722 585 3786 Halon.

139 3839 313 3921 Praefecto]
337 3838 441 3916 Legat
462 3839 655 3920 Praefectis.
678 3836 818 3900 Halala
849 3838 947 3916 igitur
962 3842 1089 3922 quisque
1111 3846 1345 3923 apparitorum-

57 3958 117 4016 tom
140 3956 317 4035 accipiebat,
339 3958 475 4036 quantum
498 3956 673 4016 Praefectus
693 3954 841 4016 frumento
864 3951 982 4019 dando'i

139 4071 233 4145 doro)
256 4089 300 4132 se.
325 4070 642 4151 suisapparitoribus.

139 4184 336 4271 deferreque)
361 4190 382 4248 i.
405 4208 433 4270 q.
456 4187 631 4265 attribuere,
653 4187 734 4268 quod
756 4188 834 4249 inira
855 4190 1000 4270 sequitur.
1022 4190 1102 4270 Dof.
1125 4192 1343 4256 ademarium

57 4303 132 4366 Sub.
156 4303 253 4383 „beim
277 4302 390 4365 Sobata
412 4301 595 4381 anzeigen.“

137 4424 204 4481 sane
223 4419 338 4499 frarrde
359 4440 417 4481 saa
436 4418 563 4500 soceros)
587 4420 707 4481 Funere
730 4421 749 4480 i.
775 4438 803 4479 e.
826 4421 966 4501 soiuaro3
996 4423 1114 4504 dequo
1137 4423 1261 4486 ictorum
1284 4447 1339 4487 usu

54 4557 85 4598 r.
110 4533 249 4598 Sobardii
279 4535 352 4597 iren.
376 4536 438 4597 Jur.
470 4539 499 4597 in
523 4557 552 4598 v.
578 4539 690 4618 fucere
711 4556 741 4599 n.
767 4543 780 4597 1
807 4541 837 4597 et
859 4540 887 4597 1.
931 4539 1005 4599 Sine
1028 4539 1144 4617 froude
1172 4541 1192 4601 i.
1218 4561 1244 4603 e.
1273 4543 1339 4606 siue

1044 4619 1129 4688 14⁶
