2978 4988
413 354 429 422 ‚z
480 336 903 441 anonam-as

77 571 237 643 interiere
263 579 365 667 parte
387 569 577 668 attrahitur,
612 572 659 645 ita
685 571 876 670 perillam,
909 594 1000 666 quae
1026 569 1258 666 ieramspec·

76 698 132 777 tat,
163 683 369 759 extenditur.
419 687 577 761 Maxime
602 687 783 785 probabile
809 701 876 782 eet,
916 686 1107 783 quinariam
1131 683 1259 765 dictam

74 799 288 875 adiametrc
314 802 466 897 qninqne
492 801 737 898 quadrantum3
764 826 855 898 quae
880 802 968 875 ratic
982 807 1015 877 in
1029 799 1259 897 sequentibus

73 940 213 1013 queque
240 916 390 990 mndniis
415 940 530 1013 usqne
557 916 601 992 ad
626 919 838 999 vicenariam
859 916 971 1010 durat,
999 902 1169 993 diametra
1194 939 1259 1012 per

72 1032 236 1129 singulas
271 1031 475 1106 adiectione
517 1034 737 1131 singularam
782 1033 1010 1130 quadrantem
1052 1045 1257 1107 crescente:

73 1162 112 1222 ut
145 1150 182 1221 in
213 1150 365 1241 senaria,
406 1134 497 1244 quae
530 1173 598 1225 aex
632 1150 769 1224 scilicet
793 1148 1005 1247 quadrantes
1030 1150 1064 1220 in
1090 1147 1259 1220 diametro

74 1264 188 1359 habet,
217 1275 253 1337 et
275 1266 488 1360 septenaria,
517 1288 608 1398 quae
633 1277 780 1364 septem,
815 1278 853 1371 et
878 1265 1047 1363 deinceps
1072 1263 1176 1336 simili
1199 1263 1257 1334 in-

74 1390 252 1455 crementa
277 1403 393 1475 nsque
418 1378 462 1453 ati
492 1382 715 1456 vicenariam.
809 1440 836 1463 -.

143 1495 273 1579 Omnis
298 1506 414 1569 autem
438 1495 601 1571 modulus
627 1498 803 1598 colligitur·
827 1506 887 1571 aut
912 1497 1080 1571 diametra
1106 1432 1168 1567 ant
1191 1440 1258 1589 pe·¹
1282 1486 1334 1564 26

73 1615 214 1687 rimetrc
240 1623 300 1686 aut
324 1635 430 1688 areae
453 1634 656 1711 mensura3
665 1641 711 1690 ex
736 1616 864 1714 quibua
890 1626 926 1689 et
946 1613 1137 1711 capacitas.
1145 1632 1258 1707 appa-

77 1774 304 1801 -a—-uA-

115 1928 262 1990 diametra
278 1931 353 2001 cic.)
377 1930 406 1992 V
426 1929 449 1994 1¹¹
477 1931 586 1993 durat:
608 1931 773 1996 diametros
786 1931 878 1995 iaici
897 1939 929 1994 et
947 1932 1152 2015 septenariae,
1185 1943 1262 2009 qaae

74 2038 198 2111 ceptam,
221 2038 253 2091 ei
272 2028 418 2113 deinceps
439 2035 498 2093 etc.
521 2031 626 2094 mediis
647 2035 779 2095 omissis,
821 2029 862 2096 C:
885 2031 1097 2095 adiectionem.

114 2129 317 2208 incrementa)
340 2125 385 2196 Ua
408 2134 627 2195 ammaum.

114 2236 170 2290 aat
187 2245 284 2288 areae
304 2230 462 2310 mara)
485 2227 529 2294 C:
551 2231 616 2293 aad
633 2251 725 2293 oreae
744 2249 913 2294 manaurae.
955 2229 1038 2293 Vei
1059 2227 1135 2302 edila
1158 2215 1261 2288 auiae
1294 2239 1326 2292 26

75 2335 159 2391 recto
171 2343 351 2398 *manaurae
377 2347 454 2410 qnae
476 2334 543 2391 arta
562 2330 688 2393 videtur
704 2331 796 2393 iectic
818 2348 860 2391 ex
881 2329 957 2391 mala
977 2328 1125 2406 scriptura
1145 2324 1261 2386 codicis

76 2426 118 2492 iit
140 2435 196 2490 aar
216 2411 287 2497 erec
313 2448 479 2493 maurae.
521 2428 683 2490 Praeterea
699 2429 727 2491 V
746 2432 777 2492 et
798 2429 873 2493 edit
896 2436 952 2490 ant
971 2446 992 2490 a
1008 2426 1168 2490 diametra.
1186 2421 1260 2485 Scin

75 2532 179 2610 iegiti·
194 2541 250 2595 arri
267 2552 307 2594 aa
327 2531 474 2594 diametra
495 2538 526 2590 et
541 2533 703 2610 pariam
725 2536 781 2590 aut
799 2546 839 2590 ea
859 2548 952 2589 areae
971 2544 1122 2607 mamare.
1145 2524 1183 2584 dc
1204 2523 1262 2584 tri-

76 2633 132 2692 hus
154 2631 321 2694 rationibus
342 2648 402 2693 nan
422 2647 517 2710 pesse
539 2646 703 2690 sermonem
725 2645 797 2689 csse
813 2643 974 2706 asserens3
996 2627 1078 2691 etin
1099 2626 1178 2688 text.
1198 2637 1251 2683 rec

76 2731 170 2792 verba
189 2738 245 2794 aat
260 2733 423 2815 perimetro
444 2729 530 2790 uncia
551 2728 681 2791 inclusit.
723 2726 854 2792 Frustra.

116 2839 149 2891 ei
168 2826 308 2913 capae.)
320 2828 351 2891 V
371 2829 395 2890 F
417 2846 474 2891 om.
496 2837 536 2890 et.

116 2921 337 3012 differentiam)
360 2925 388 2989 U
408 2926 454 2990 V:
477 2925 665 3011 differentia.

116 3032 232 3110 ἱρεῖαι)
255 3024 300 3089 C:
321 3029 394 3109 ipai,
416 3026 485 3089 acii.
506 3044 561 3107 pre
585 3020 673 3109 ipar‘i,
693 3026 714 3088 i.
736 3044 765 3090 e.
786 3029 898 3108 maiae.

116 3137 151 3189 at
163 3127 309 3208 facilia)
353 3125 406 3188 Sic
426 3122 462 3187 6.
484 3125 594 3189 Recte.
638 3124 682 3188 Ut
704 3133 737 3189 et
747 3126 815 3205 fac.
861 3124 897 3188 ln
924 3125 1052 3186 cetaria:
1084 3128 1118 3184 at
1142 3129 1176 3184 et
1192 3119 1261 3209 [aa.

116 3224 304 3303 animantia)
325 3223 456 3288 fierent.
479 3222 527 3284 ed.
549 3223 605 3286 aab
626 3231 741 3306 specie.
762 3228 826 3289 vet.
840 3225 955 3307 apccic.
988 3220 1133 3284 OPSOP.
1168 3215 1202 3280 -6
1217 3216 1262 3279 U:

76 3326 254 3389 caiaiaaiia.
287 3324 365 3385 nndc
394 3324 424 3386 in
446 3321 476 3383 V
501 3326 533 3384 et
558 3341 621 3386 rec.
642 3326 760 3387 transiit
779 3322 980 3386 aternam.
1021 3318 1085 3382 Scri
1108 3315 1264 3379 tenendam

78 3428 136 3502 eei,
159 3441 326 3505 persaeque
347 3422 377 3484 in
398 3425 523 3504 utreque
545 3421 597 3484 llic
619 3422 724 3485 codice
744 3445 764 3486 e
785 3420 824 3505 (i.
838 3442 867 3484 e.
888 3420 946 3503 aa)
968 3438 1023 3500 per
1043 3416 1262 3495 negiigentiam

77 3525 168 3586 scribi
189 3525 277 3585 ctiam
299 3540 354 3602 pro
376 3539 399 3584 a
421 3525 471 3594 (nt
491 3539 583 3601 snpra
602 3538 696 3585 ‘areae
714 3540 770 3602 pro
787 3529 907 3597 areae).
939 3521 959 3584 J
981 3526 1051 3599 (pre
1070 3515 1262 3586 caietanae)

76 3622 205 3685 exhibet
224 3620 279 3683 cai
300 3625 414 3701 aperie.
440 3625 472 3683 et
493 3622 524 3682 in
544 3620 567 3682 V
587 3638 642 3701 pra
663 3622 802 3685 utendam
821 3629 870 3684 eat
888 3619 984 3683 cubat.
1016 3617 1149 3695 legitur:
1182 3620 1215 3676 at
1234 3623 1266 3675 et

77 3727 107 3784 ia
127 3723 243 3803 κριοῖο.
264 3719 295 3781 in
316 3718 366 3781 V:
387 3729 431 3781 at.
451 3739 481 3783 a.
504 3720 581 3795 (sic)
603 3719 803 3785 nabaiantiae.
824 3719 875 3782 lie
891 3721 922 3782 vi
935 3715 1076 3782 vccabtssi
1091 3733 1123 3776 v.
1136 3712 1262 3775 Anncit.

115 3818 257 3883 mantua
277 3826 310 3881 et
328 3815 421 3898 aeri.)
463 3817 545 3881 Libri
567 3818 685 3896 marina,
706 3817 867 3900 praeteri)
888 3823 920 3882 ct
939 3818 1009 3896 J2,
1032 3833 1050 3878 c
1071 3813 1181 3900 quibua
1196 3812 1264 3876 eor.

76 3920 225 3983 nodam.
267 3916 315 3983 Vt
337 3927 386 3980 eet
404 3927 480 3983 cert

117 4029 149 4081 et
166 4022 304 4080 trientem
325 4016 430 4097 dipsa]
474 4016 508 4080 ln
536 4016 565 4079 V
592 4017 615 4080 F
641 4016 718 4079 haec
745 4016 840 4078 verba
865 4019 897 4080 ei
922 4015 1078 4101 sequentia
1105 4029 1201 4095 usqne
1228 4011 1265 4072 ad

78 4122 164 4200 capit
183 4119 342 4200 quinariae
361 4116 399 4177 ad
420 4115 504 4178 iinern
527 4117 616 4178 haina
636 4115 705 4180 Art
728 4117 908 4186 amittuntur.

118 4225 151 4278 ot
167 4217 241 4299 piae
262 4218 342 4298 qaia.
363 4215 478 4279 octava
498 4216 576 4295 etc.)
591 4216 664 4280 eor.
684 4215 845 4294 vulgavit:
866 4220 1037 4299 quinariam
1051 4213 1165 4296 atpiaa
1176 4229 1265 4294 paam

78 4337 125 4400 qa.
148 4325 309 4388 octavam
341 4314 477 4396 iaceat,
509 4321 699 4379 coaequatam
720 4320 889 4398 quinariae,
920 4323 953 4380 et
971 4314 1110 4396 scripula
1126 4315 1203 4388 tria,
1238 4318 1270 4372 et

79 4417 196 4480 bessem
217 4415 357 4494 acripaii.
401 4414 498 4478 Recte
519 4416 638 4496 qnidenr
660 4416 754 4478 verba
775 4420 945 4498 panariam
965 4422 1005 4490 ei,
1040 4431 1116 4496 qnae
1143 4429 1161 4471 a
1181 4408 1266 4471 libris

78 4517 198 4594 absum,
233 4514 377 4576 restitnit.
421 4513 483 4578 Scri
506 4533 568 4594 ega
591 4514 738 4578 exiiens
771 4510 814 4585 (0
836 4513 862 4577 U
882 4512 901 4577 i
924 4517 957 4577 et
976 4509 1056 4592 rec.)
1091 4509 1264 4589 ablativum,
