2978 4950
97 281 149 358 eo
537 283 944 364 rsouuruus
1053 250 1055 255 ’

122 511 174 589 95
270 513 335 589 Ad
360 539 463 612 quem
488 529 601 591 autem
627 519 868 614 magistratum
885 518 949 591 ius
971 513 1104 588 dandae
1122 512 1374 588 vendendaeve

196 633 550 728 aquae-pertinuerit,
586 634 689 705 iniis
715 634 804 730 ipsis
830 633 970 729 legibus
995 631 1167 704 variatur:
1202 628 1373 703 interdum
1400 714 1402 718 .

196 745 286 817 enim
325 746 367 826 ab
401 746 609 844 Aedilibus,
649 748 819 822 interdum
853 771 872 819 a
907 743 1129 823 Censoribus
1163 748 1374 843 permissum

174 860 354 955 ·invenio;
393 862 459 936 sed
492 875 650 961 apparet⁷
687 865 847 959 quotiens
879 864 914 934 in
945 886 984 935 re
1018 862 1155 959 publiea
1189 859 1375 937 Censores

197 985 312 1073 erant,
353 974 395 1052 ab
433 979 503 1052 illis
537 981 755 1077 potissimum
788 980 947 1076 petitum,
988 1001 1066 1050 oum
1105 978 1127 1049 ii
1161 1001 1230 1050 uon
1262 991 1374 1069 erant,

195 1091 376 1166 Aedilium
402 1119 476 1169 eam
503 1107 709 1193 potestatem
739 1096 861 1168 luisse.
904 1094 964 1167 Ex
982 1116 1050 1189 quo
1067 1093 1289 1166 manifestum
1307 1106 1373 1187 est,

197 1220 323 1302 quanto
349 1211 462 1306 potior
488 1236 571 1284 eura
596 1213 786 1286 maioribus
813 1210 1041 1284 communium
1066 1210 1247 1282 utilitatum
1272 1232 1374 1305 quam

195 1323 409 1420 privatarum
436 1326 653 1425 voluptatum
681 1328 799 1420 luerit,
836 1349 913 1399 cum
940 1327 1041 1399 etiam
1069 1349 1110 1398 ea
1136 1349 1242 1421 aqua,
1272 1348 1375 1421 quam

196 1439 322 1537 privati
347 1439 535 1539 ducebant,
565 1442 610 1516 ad
634 1467 738 1515 usum
762 1442 939 1540 publicum
964 1441 1161 1539 pertineret.

122 1549 172 1626 96
270 1554 432 1632 'llutelam
458 1569 573 1633 autem
598 1559 815 1657 singularum
841 1583 1006 1654 aquarum
1032 1558 1141 1632 looari
1162 1555 1300 1629 solitam
1321 1556 1375 1628 in-

197 1676 318 1768 venio,
364 1676 582 1772 positamque
620 1674 898 1774 redemptoribus
936 1674 1201 1770 necessitatem,
1243 1683 1374 1746 eertum

239 2025 425 2103 balnearum)
448 2028 491 2090 U:
517 2028 700 2092 balneorum.

234 2126 466 2206 fullonicamml
490 2129 542 2192 Sio
560 2127 597 2192 0.
617 2127 718 2190 Intell.
739 2126 929 2190 ollioinnrum.
945 2144 983 2216 l·
996 2124 1156 2188 Foroelllu.
1177 2125 1208 2185 ln
1225 2143 1256 2188 v.
1271 2121 1374 2188 Ceteri

197 2222 267 2288 llbrl
285 2223 510 2306 fullonioorum.
1257 2227 1260 2233 ¹
1400 2289 1408 2301 .

240 2324 394 2402 mercede)
427 2327 543 2389 Primus
572 2326 615 2388 sie
644 2329 781 2407 reposuit
807 2323 898 2407 Seb,
932 2343 1018 2409 quem
1046 2323 1086 2386 of.
1116 2321 1172 2386 vl.
1203 2327 1251 2387 15.
1280 2322 1309 2385 V
1334 2323 1374 2386 F:

198 2441 312 2500 merce,
334 2424 449 2508 deque,
476 2430 498 2488 i.
521 2445 549 2491 e.
570 2428 708 2490 mercede
729 2448 823 2512 qaae,
847 2430 878 2487 ut
898 2425 985 2505 plane
1007 2424 1128 2485 videtur
1149 2422 1179 2485 ln
1200 2418 1225 2483 C
1246 2420 1284 2484 U.
1326 2423 1375 2484 lix

197 2522 216 2585 J
238 2529 269 2588 et
289 2543 352 2588 reo.
380 2526 447 2588 Pol.
472 2528 567 2587 edidit
586 2528 751 2607 veetipalis
771 2535 887 2587 statuta
906 2542 1035 2598 merces,
1057 2541 1143 2606 qaae.

131 2703 134 2706 ‚
240 2627 272 2684 in
290 2624 431 2707 publico)
463 2625 540 2702 Leg.
570 2629 601 2687 in
626 2626 778 2707 publicam
804 2624 896 2706 pend.
938 2622 1096 2686 Potitiorum
1123 2622 1160 2684 de
1185 2623 1302 2683 aerario
1329 2621 1373 2682 dr.

200 2722 387 2786 coniunctum
415 2741 479 2784 eum
501 2725 603 2786 vorbis
623 2725 777 2803 pluribus,
810 2724 840 2783 in
861 2721 966 2803 quibus
987 2725 1036 2783 est
1053 2722 1199 2803 pendere.
1242 2720 1375 2784 Gronov.

200 2820 236 2882 od
257 2819 327 2881 Liv.
349 2822 388 2883 ll.
411 2829 440 2884 9.
462 2843 493 2902 p.
510 2825 558 2883 te.
581 2841 607 2884 o.
628 2828 658 2883 2.
682 2825 730 2885 ed.
753 2820 856 2900 Stutg.
880 2819 1018 2882 lllllNll.
1041 2822 1090 2883 Ex
1110 2822 1129 2883 J
1151 2825 1182 2883 et
1203 2837 1265 2882 reo.
1288 2820 1375 2881 etiam

198 2917 272 2981 Scb.
293 2923 424 3000 praefert
446 2927 476 2983 in
496 2922 648 2999 publicum
667 2920 860 3003 penderetur.
886 2919 979 3001 Atqui
1001 2939 1112 2983 mecum
1135 2909 1184 2992 (et
1204 2938 1269 2982 oum
1291 2918 1373 2989 Pol.)

199 3019 313 3079 faciunt
334 3020 420 3083 codd.
444 3020 527 3083 err.
557 3020 606 3085 Cf.
628 3023 754 3084 Annott.

244 3114 396 3200 civitatis)
440 3119 484 3181 lta
501 3118 538 3183 C.
582 3118 616 3182 lu
643 3121 754 3180 oeterls
781 3119 867 3182 deest
891 3120 1077 3181 vocabulum.
1106 3116 1150 3178 at
1170 3116 1239 3180 Art
1259 3125 1293 3182 1:
1320 3135 1377 3198 per

197 3222 357 3299 principes
378 3239 495 3301 semper
516 3222 652 3281 deitatis
673 3229 798 3282 nostrae
817 3224 912 3281 viros.
941 3218 1030 3281 Pon.

241 3334 836 3421 mwstdmawmmm

240 3433 402 3510 interdum)
425 3435 454 3496 V
468 3435 509 3496 F:
529 3434 689 3499 interdum
703 3436 752 3496 ino
773 3435 812 3497 ab
832 3434 913 3500 Aed.

242 3533 329 3596 Gens.
351 3539 458 3607 erant)
486 3534 516 3596 V
544 3539 576 3596 et
603 3531 679 3596 edd:
711 3544 793 3613 erae,
822 3554 879 3597 om.
901 3537 1059 3598 Censores.
1100 3533 1196 3596 Etiam
1219 3531 1377 3595 1110311-

200 3632 270 3714 quid
293 3632 407 3694 sordidi
430 3636 495 3712 est,
518 3652 574 3714 pro
595 3643 686 3696 erant
705 3633 866 3697 exhibente
888 3636 1037 3716 eferunt.

242 3750 307 3792 oum
328 3729 368 3814 ii)
394 3730 436 3795 Ut
460 3752 527 3796 eum
546 3733 588 3796 11.
611 3730 653 3796 0:
675 3755 741 3797 eum
764 3735 930 3796 duodecim.
953 3735 1077 3810 sordes,
1100 3731 1195 3816 quilis
1216 3732 1245 3792 ln
1265 3730 1296 3794 V
1318 3732 1378 3793 ob-

201 3830 341 3906 maest,
366 3833 396 3893 in
418 3850 478 3913 quo
499 3850 554 3912 pro
577 3835 748 3897 circuiere
770 3833 879 3916 ubique
902 3837 1042 3895 exaratur
1063 3850 1200 3894 numerus
1222 3832 1317 3896 Octo

243 3950 309 3992 eam
327 3934 409 4012 pot.)
433 3931 462 3993 V
479 3929 503 3992 F
524 3950 581 3997 om.
603 3952 680 3998 eam.
697 3965 701 3974 ·
1006 4005 1008 4008 ¹

240 4030 660 4112 utilitatem-voluptatum}
688 4028 730 4094 C:
752 4032 1187 4112 utilitatium—voluptatium
1216 4030 1270 4092 sed
1292 4030 1378 4092 ltue-

201 4146 252 4189 rae
275 4133 286 4189 i
307 4132 433 4211 utroque
455 4129 524 4191 loeo
546 4131 684 4193 sullixum
707 4137 755 4193 est
774 4134 928 4211 punctum,
951 4131 1019 4192 soil.
1042 4129 1160 4193 delendi
1182 4128 1306 4208 tignum.

240 4236 310 4295 eum
333 4231 422 4290 etiam
445 4230 519 4294 eto.)
541 4229 572 4291 V
593 4235 625 4294 et
644 4228 804 4292 nonnullae
826 4227 895 4291 edd.
917 4244 986 4292 roo:
1004 4215 1076 4292 'cum
1089 4229 1133 4291 ad
1149 4249 1233 4293 usura
1252 4249 1287 4312 p.
1303 4249 1379 4312 per-

201 4331 310 4390 emeret
329 4332 419 4390 etiam
439 4349 479 4392 ea
499 4347 597 4412 aqua,
621 4349 708 4412 quam
726 4348 759 4411 p.
782 4327 852 4391 due.

134 4459 168 4513 96
240 4447 446 4528 positamque)
474 4443 548 4507 rt:
568 4450 716 4528 positam,
739 4462 825 4527 prmo.
850 4443 894 4506 B:
915 4449 1120 4527 modrimem,
1142 4464 1229 4526 quoe.
