2978 4988
140 335 238 412 uou
275 362 289 385 -·
462 432 465 437 ¹
562 331 1010 412 annorauronus..
1068 368 1071 375 ·

142 577 264 634 ceteros
286 573 364 632 cirea
387 570 506 631 datiros
528 569 709 648 applaudas,
739 588 779 629 cx
809 568 950 649 loquendi
972 587 1053 629 nrore
1083 569 1162 650 quod
1184 570 1275 628 scianr
1304 567 1424 648 probari

142 706 200 748 non
228 690 341 766 potest.
386 685 499 747 Contra
528 703 563 745 ea
590 685 732 745 iibrorurn
761 684 887 745 lectioni
914 686 1030 745 nornine
1057 661 1234 747 conciliatur
1263 686 1426 747 auotoritas

143 824 183 864 ex
204 803 262 863 boc
286 803 390 862 eodeni
412 801 500 875 Art,
523 802 552 860 in
575 819 633 881 quo
657 801 733 861 inira
755 801 912 861 scribitur:
941 800 996 861 sub
1018 803 1136 862 nornine
1157 803 1304 864 Caesaris
1328 801 1426 885 (quod

141 918 258 1000 quideur
281 917 354 980 Sob.
378 918 478 978 itidenr
508 917 663 992 corrigere
692 919 831 995 coactus,
858 915 1051 997 nequidquam
1081 917 1205 977 nrutarit
1236 919 1267 978 in
1296 918 1426 981 subinde

139 1034 286 1114 nomini)3
310 1034 355 1093 oui
377 1034 480 1094 eadem
503 1032 609 1093 subest
630 1030 809 1108 significatio
831 1035 919 1113 atquo
942 1030 987 1092 iili
1009 1035 1125 1092 nomine
1147 1031 1306 1096 Caesaris.
1340 1033 1426 1097 Con-

140 1150 221 1210 ieras
253 1148 302 1210 rei
336 1148 430 1210 baec:
464 1148 519 1210 sub
549 1148 723 1210 conditione
755 1151 787 1209 et
814 1147 1003 1225 conditione,
1037 1147 1092 1208 sub
1120 1152 1225 1232 speeie
1252 1153 1284 1213 et
1308 1155 1424 1234 speeie.

141 1262 272 1345 Utraque
294 1268 391 1325 auteur
414 1264 539 1339 i'ornrula
561 1263 713 1340 significat
735 1263 812 1324 idenr
834 1263 912 1345 quod
935 1263 1064 1343 simplex
1089 1264 1229 1326 Caesari.

220 1379 372 1463 priuatis)
394 1378 468 1442 Scir.
489 1378 540 1440 bic
564 1383 595 1440 et
615 1379 734 1442 infraet
755 1380 948 1460 sequentibus
970 1398 1088 1462 quoque
1104 1380 1185 1445 Artt.
1198 1381 1307 1462 ubique
1330 1382 1425 1458 legit:

139 1497 245 1560 unibus
258 1501 414 1580 privati&
436 1497 547 1576 quippe
564 1496 644 1575 quod
662 1499 830 1574 opponatur
846 1494 892 1556 iili
909 1494 1012 1558 usibus
1026 1496 1171 1578 publicis,
1195 1516 1252 1580 quo
1271 1497 1301 1557 in
1318 1499 1424 1560 iisdem

138 1613 222 1675 Arii.
245 1613 402 1675 Frontinus
424 1615 597 1673 constanter
617 1612 719 1673 utitur.
761 1612 905 1673 Profecto
934 1617 994 1674 tuna
1021 1612 1093 1674 alibi
1116 1615 1176 1674 tunr
1201 1612 1267 1676 Art.
1289 1617 1330 1674 80
1352 1614 1425 1676 dicit

139 1730 302 1792 Frontinus
323 1729 428 1790 usibus
447 1731 592 1809 priuatis,
615 1726 694 1807 quod
716 1727 745 1786 in
769 1725 794 1789 C
816 1728 1024 1806 pessumdatur
1046 1731 1075 1788 in
1098 1732 1146 1790 ius
1165 1733 1311 1811 privatio.
1334 1732 1423 1812 eique

138 1815 208 1909 Ari.
231 1850 271 1906 86
297 1847 328 1906 in
356 1842 560 1907 Gexeratur:
584 1826 779 1924 iiprrieaiis,⁸
806 1843 886 1922 quod
907 1842 1070 1922 praefixum
1092 1845 1297 1924 compendium
1319 1846 1423 1925 primi-

139 1967 188 2023 tus
209 1962 305 2022 inisse
328 1960 432 2021 usibus
454 1957 598 2019 credibile
616 1960 673 2037 est,
696 1976 713 2019 a
731 1959 950 2037 posterioribus
973 1959 1104 2021 librariis
1127 1962 1271 2042 deinceps
1292 1963 1423 2041 neglec-

139 2081 210 2140 tunr.
253 2076 348 2157 Atqui
365 2076 476 2136 ceteris
498 2073 576 2135 locis
600 2074 736 2137 ornoibus
757 2074 839 2136 nulia
861 2074 1096 2154 deprehenditur
1117 2075 1257 2138 lectionis
1274 2079 1421 2141 varietas:

140 2197 172 2256 et
187 2213 273 2276 quurn
296 2191 367 2253 aiibi
388 2207 535 2271 persaepe
556 2192 636 2270 aprud
652 2190 824 2252 Frontinum
847 2187 898 2272 (ut
914 2191 992 2251 aiios
1009 2193 1175 2270 scriptores
1192 2191 1314 2254 silentio
1332 2213 1422 2274 prae-

139 2305 314 2388 terrnittarn]
335 2312 452 2391 priuati
473 2308 533 2367 sint
555 2305 711 2386 „bonrinos
731 2306 875 2386 priuati,“
898 2306 979 2367 nulia
1000 2306 1106 2369 subest
1128 2326 1229 2386 causa,
1252 2328 1343 2391 quare
1364 2309 1423 2372 boo

138 2428 208 2490 Λή.
230 2424 483 2507 sequentibusque
505 2425 639 2483 nostrum
660 2423 774 2484 vitasse
796 2426 910 2485 statuas
932 2423 1050 2485 dicendi
1071 2442 1186 2503 genus,
1210 2423 1246 2486 de
1269 2425 1354 2488 cuius
1376 2427 1423 2487 ia-

140 2543 255 2607 tinitate
278 2543 309 2604 et
330 2515 503 2617 integritate
524 2540 653 2601 constat.

756 2743 805 2800 ru.

221 2895 338 2953 nornine
358 2891 500 2972 Appiae)
524 2890 545 2948 i.
568 2909 597 2970 q.
620 2888 722 2967 Appia
744 2888 794 2949 dat
816 2907 871 2948 suo
895 2891 1024 2950 nomine.
1047 2889 1115 2951 Λή.
1133 2895 1187 2952 84:
1215 2890 1350 2972 Virpiuis
1366 2914 1423 2956 no-

140 3014 232 3085 mine,
260 3010 282 3070 i.
304 3028 333 3089 q.
357 3007 456 3084 Virgo
481 3008 589 3081 erogat
610 3023 667 3066 suo
690 3005 818 3067 nomine.
862 3002 901 3064 Ut
926 3004 1057 3086 loquitur
1077 3007 1237 3068 Frontinus
1259 3009 1329 3070 Art.
1359 3015 1421 3070 69:

139 3126 229 3188 dulia
250 3132 358 3203 erepat
377 3140 432 3184 suo
454 3125 581 3182 uomina.
623 3121 792 3184 Discrimen
815 3121 975 3182 intercedit
1002 3122 1080 3184 inter
1108 3121 1166 3183 bos
1182 3122 1269 3186 iocos
1292 3128 1324 3186 et
1346 3126 1424 3188 inter

141 3261 206 3318 eos,
228 3241 337 3325 quibus
358 3237 472 3314 iegitur
492 3240 608 3300 nomine
630 3238 793 3314 Caesaris,
817 3238 854 3298 de
878 3256 936 3321 quo
961 3237 998 3298 ad
1020 3236 1089 3299 Art.
1114 3242 1153 3300 i8
1176 3240 1354 3302 audirimus.

755 3442 805 3499 80.

221 3591 353 3651 Anionis
378 3585 514 3663 Veteris)
544 3583 616 3646 Scir.
639 3585 694 3648 Vl.
724 3591 744 3647 8
772 3586 822 3648 bic
849 3591 880 3649 et
900 3586 970 3648 Art.
1000 3591 1036 3648 81
1068 3587 1268 3667 (Marciae),
1291 3590 1361 3651 Art.
1384 3589 1426 3652 82

139 3704 328 3787 (Tepulae),
350 3701 420 3763 Λή.
444 3705 483 3761 83
507 3698 665 3780 (iuliae),
688 3703 826 3765 subaudit
847 3707 979 3779 nornine,
1002 3703 1038 3764 de
1061 3724 1119 3785 quo
1142 3705 1180 3764 eri
1201 3704 1271 3766 Art.
1296 3709 1335 3766 ³9
1357 3725 1423 3767 rno-

140 3822 264 3885 nuinrus.
313 3819 384 3898 Fuga
414 3836 489 3878 vero
517 3819 685 3894 genitivum
714 3819 824 3900 ubique
852 3820 985 3899 pendere
1014 3837 1032 3878 a
1061 3838 1126 3900 seq.
1153 3838 1232 3881 voce
1266 3824 1423 3903 quinariae

140 3936 307 4014 contendo,
330 3953 425 4014 paene
449 3935 574 3995 dixerinr
596 3952 708 4010 graeco
722 3952 817 4013 nuore,
841 3935 878 3995 de
901 3954 959 4017 quo
983 3936 1022 3995 ei.
1045 3953 1102 3995 nos
1124 3936 1160 3996 ad
1183 3936 1267 3997 Dici.
1291 3935 1374 4000 Cret.
1397 3936 1422 3998 1.
1461 3915 1469 4024 Ἰ

139 4052 283 4116 across.
305 4070 337 4130 p.
359 4054 428 4111 248.

755 4252 805 4310 84.

221 4423 279 4483 per
299 4403 351 4482 se)
374 4398 448 4462 Scir.
471 4398 616 4476 „aiiein“.
662 4395 736 4458 Puto
760 4415 829 4461 osse
853 4402 922 4478 „iiir
944 4400 1030 4463 sieb“
1055 4402 1075 4461 i.
1099 4420 1127 4462 e.
1151 4404 1320 4481 separatim.

222 4519 347 4600 euripo)
370 4537 399 4580 r.
423 4513 494 4580 Scir.
517 4514 573 4578 ΙΙΙ.
597 4516 648 4573 23.
693 4506 698 4513 ”
760 4494 766 4507 “
