2978 4988
116 308 215 389 v-lll
596 308 919 389 pannonum.

115 542 257 619 litterae·
277 541 450 639 cuiusque
473 541 608 641 periodi
634 566 775 641 semper
800 554 882 616 sunt
905 450 1140 617 mauseuladf
1178 541 1401 640 ···.1ntercape··

113 662 220 769 ,dhus
258 674 370 772 (sive
401 674 600 772 lacunae),
626 677 765 774 punctis
798 677 833 749 in
868 676 1040 775 exemplo,
1070 672 1163 773 quod
1192 673 1237 748 ad
1260 692 1297 749 te
1322 673 1403 748 misi

35 794 49 917 ,¹
224 814 293 901 tae,
318 807 539 904 reperiuntur
565 806 703 904 quidem
728 809 763 881 in
789 807 931 904 codice,
967 808 1034 882 sed
1059 809 1105 880 ita
1130 816 1170 881 ut
1193 806 1308 881 nullos
1332 830 1403 880 un-

66 920 226 1038 “vrum
249 948 414 1014 exaratos
440 941 475 1014 in
499 940 546 1013 iis
573 940 686 1015 fuisse
704 939 926 1015 characteres
949 938 1404 1038 evidentissimeappareat

114 1038 360 1159 ‘chunones
392 1071 428 1146 n
453 1071 528 1145 noo
567 1072 688 1161 cauce
713 1071 807 1146 naun
831 1072 971 1170 quidem
995 1072 1097 1146 vnn
1123 1072 1217 1146 nou
1242 1070 1404 1146 utronea

119 1214 263 1300 essent3
287 1228 413 1280 verum
436 1206 588 1278 maxime
613 1205 718 1279 attriti
742 1215 835 1303 sunt,
864 1215 898 1279 et
922 1206 997 1279 sere
1023 1205 1257 1280 albescentes,
1299 1202 1405 1278 Pau-

120 1361 187 1413 eae
210 1335 397 1412 admodum
421 1339 641 1434 reperiuntur
677 1338 713 1411 in
739 1337 863 1412 codice
887 1362 999 1412 voces
1024 1337 1116 1411 notis
1144 1335 1405 1435 compendiosis

120 1468 293 1569 scriptae,
328 1477 573 1568 praeterquam
596 1470 632 1543 in
655 1469 975 1568 praepositionibus
1001 1481 1037 1545 et
1060 1469 1256 1544 nominibus
1281 1467 1405 1542 relati-¹

120 1602 182 1715 riq
186 1629 198 1698 3
236 1611 343 1700 atque
380 1602 515 1675 numeri
552 1601 628 1676 fere
660 1603 984 1700 semper·integris
1016 1602 1166 1676 vocibus
1204 1610 1402 1697 exarantur,-

118 1743 366 1835 praeterquam
388 1735 424 1809 in
447 1735 623 1808 mensuris
649 1734 897 1832 recensendiS‚
932 1735 993 1810 ubi
1025 1733 1220 1808 fistularum
1253 1735 1404 1807 omnium

120 1866 298 1962 diametri,
325 1866 503 1965 perimetri
527 1877 633 1965 atque
658 1868 871 1965 capacitates
898 1870 1150 1966 exponuntur.“
1163 1907 1215 1922 ·-
1239 1865 1406 1963 Denique

118 1998 230 2097 louge
253 1999 578 2098 praestantissimus
603 1998 660 2073 hic
684 1999 798 2075 codex
823 2009 881 2074 est
905 2000 1067 2095 omnium,
1096 2022 1186 2095 quos
1210 2008 1407 2097 temporum

120 2130 267 2208 iniuriae
280 2132 492 2229 superstites
517 2131 700 2206 novimus:
726 2132 806 2230 ipse
832 2130 971 2228 quidem
990 2130 1083 2205 haud
1099 2155 1229 2229 expers
1242 2130 1408 2229 gravium

47 2358 51 2369 Ι
119 2263 294 2362 vitiorum,
314 2265 419 2338 immo
444 2264 581 2338 lacunis
607 2264 741 2364 passim
767 2275 802 2339 et
824 2264 936 2339 lituris
960 2264 1145 2357 laborans3
1173 2273 1208 2338 at
1223 2287 1311 2336 vero
1325 2287 1406 2337 ma-
1475 2354 1478 2359 Ι

119 2397 251 2475 umam
274 2405 410 2496 partem
433 2397 681 2496 integerrimus
709 2405 775 2493 est,
804 2398 861 2471 sui
878 2398 1015 2472 omnino
1032 2397 1119 2470 iuris
1136 2396 1404 2493 potestatisque,

86 2623 89 2629 ¹
121 2527 169 2605 ad
193 2552 298 2628 quem
323 2553 467 2627 semper
492 2538 527 2603 et
551 2530 681 2628 ubique
706 2530 741 2603 in
765 2529 924 2604 locorum
940 2529 1197 2603 discriminibus
1214 2552 1406 2603 recurren-

121 2660 217 2760 dum⁷
243 2685 313 2760 quo
339 2674 478 2737 rectore
504 2663 702 2735 certissima
725 2662 930 2760 plerumque
965 2661 1019 2735 ad·
1035 2663 1221 2759 genuinam
1246 2660 1404 2734 Frontini

8 2880 16 2895 p
121 2817 262 2871 mum
288 2792 564 2868 constituendam
588 2796 646 2868 via
673 2793 835 2891 ducaris,
869 2805 908 2868 ut
941 2795 1081 2868 criticas
1115 2817 1245 2867 causas
1285 2791 1405 2889 agenti

123 2924 251 3005 debeat
275 2950 361 3001 esse
385 2925 654 3001 tundamentum.
679 2962 731 2981 ·-
762 2925 954 3002 Annombo
987 2926 1079 3000 hunc
1111 2926 1269 3000 codicem
1303 2948 1405 2999 com-

122 3059 255 3163 pendio
277 3057 323 3137 (i.
916 3038 919 3043 ⁸

155 3242 158 3249 -
196 3193 361 3283 Bonitate
388 3217 410 3266 a
436 3191 558 3267 codice
584 3190 797 3269 cassinensi
822 3192 1002 3267 secundus
1029 3201 1085 3266 est
1101 3189 1288 3269 deunx
1303 3187 1407 3263 VA-

126 3322 630 3420 'nwANO-Ulsssnuns,
669 3326 978 3422 membranaceus⁷
1019 3325 1181 3422 signatus
1199 3298 1294 3398 bibl.
1318 3321 1407 3395 Vat

114 3440 842 3556 'mo.1or15,idemqui1>0nn01150.
892 3458 952 3532 De
985 3480 1054 3555 quo
1088 3456 1247 3531 Polenus
1279 3480 1313 3553 p.
1343 3451 1407 3527 20.

126 3592 216 3669 haee
238 3592 356 3667 refert.
398 3588 547 3685 ,'‚Nitide
572 3593 726 3688 scriptus
752 3600 818 3687 est,
847 3600 882 3664 et
905 3591 1010 3689 paulo
1036 3597 1121 3687 pout
1143 3587 1294 3663 medium
1320 3609 1407 3660 sae-

126 3725 245 3801 culum
276 3723 376 3800 XIV
410 3735 575 3799 exaratus
608 3747 694 3798 esse
730 3722 887 3819 videtur,
928 3723 1085 3796 sonasse
1120 3720 1233 3794 adhuc
1248 3719 1408 3793 ,vivente

102 3850 362 3937 'cassinensis
396 3857 529 3931 codicis
560 3858 741 3931 inventore
765 3857 929 3956 Poggio,
966 3855 1025 3952 qui
1056 3854 1128 3927 vita
1162 3851 1321 3927 excessit
1351 3872 1407 3921 an.

127 3987 238 4067 1459.
278 3988 371 4067 Cum
389 3987 601 4067 cassinensi
627 3990 736 4066 ferme
761 3991 889 4086 ubique
914 3987 1001 4061 mire
1026 3985 1208 4081 consentit,
1236 3981 1408 4076 editisque

127 4123 227 4201 libris
261 4124 297 4196 in
331 4120 529 4198 difficilibus
562 4124 652 4198 locis
684 4121 791 4197 multo
824 4130 881 4195 est
912 4118 1136 4192 emendatior.
1185 4114 1250 4192 Ad
1275 4115 1409 4189 calcem

129 4258 312 4356 appositae
338 4267 419 4330 sunt
440 4257 581 4355 figurae
605 4254 810 4349 fistularum,
838 4253 882 4326 ab
908 4250 1046 4325 homine
1070 4261 1186 4325 umen
1211 4248 1409 4324 huiusmodi

91 4473 95 4479 ,
130 4414 249 4465 rerum
272 4391 464 4487 imperito.“
517 4389 559 4464 In
584 4387 840 4463 commentariis
864 4383 1023 4459 Polenus
1048 4408 1118 4459 non
1142 4383 1317 4459 uno'loeo
1343 4407 1410 4458 co·

132 4522 246 4599 dcem
297 4524 502 4600 Urbinatem
549 4546 573 4595 e
623 4516 836 4598 Oassineusi
887 4516 1099 4618 descriptum
1146 4541 1233 4596 esso
1270 4515 1409 4595 iudicat.
