2978 4988
442 339 519 421 illd¹
540 338 732 433 AOUAE
755 338 1037 422 uncrinus,

100 587 189 670 sunt,
233 597 378 670 quarum
410 573 553 648 altitudo
579 575 613 648 in
640 598 777 648 omnem
802 584 935 674 partem
961 575 1073 653 Urbis
1099 574 1283 650 attollitur:

99 691 235 773 seder
260 690 315 763 his
341 690 430 765 aliae
455 693 589 786 maiori,
630 692 718 764 aliae
749 692 872 765 leviori
904 715 1075 790 pressura
1101 703 1285 788 cogrmtur.

98 807 309 880 Altissimus
347 815 403 879 est
435 806 534 880 Anio
564 807 707 900 NovuS,
760 809 920 903 proxima
946 806 1108 903 Claudia,
1148 809 1287 881 tertium

99 924 213 996 locum
237 931 334 995 tenet
359 921 466 1018 Julia,
491 904 655 1017 'quartum
682 921 831 1019 rtepula,
872 921 995 997 dehinc
1020 924 1167 1019 Marcia,
1197 947 1288 1020 quae

99 1040 211 1136 capite
242 1038 347 1111 etiam
373 1036 545 1114 Claudiae
577 1037 702 1111 libram
728 1048 865 1133 aequat.
899 1039 978 1117 Sed
1002 1049 1145 1113 veteres
1171 1038 1288 1112 bumi-

99 1156 184 1228 liore
211 1153 386 1228 directura
419 1153 669 1251 perduxerunt,
710 1154 789 1228 sive
816 1155 969 1229 nondum
995 1156 1040 1228 ad
1065 1155 1194 1228 subtile
1220 1180 1288 1228 ex-

99 1272 343 1368 ploratanarte
377 1269 533 1367 librandi,
574 1293 642 1344 seu
674 1271 753 1366 quia
781 1296 826 1345 ex
851 1272 1019 1345 industria
1046 1270 1134 1344 inira
1159 1279 1288 1343 terram

99 1411 211 1484 aquas
245 1385 463 1484 mergebant,
504 1412 548 1460 ne
580 1386 684 1460 saeile
717 1387 760 1462 ab
793 1385 955 1464 hostibus
988 1389 1286 1484 interciperentur,

100 1528 179 1581 eum
213 1501 407 1600 frequentia
440 1501 554 1576 adhuc
598 1512 718 1599 eontra
754 1502 901 1578 Italicos
939 1504 1031 1579 bella
1069 1512 1288 1602 gererentur.

99 1621 180 1693 Jarn
206 1631 322 1704 tamen
351 1617 560 1714 quibusdam
590 1602 691 1714 loeis,
731 1620 844 1693 sicubi
878 1619 1005 1694 ductus
1030 1628 1206 1693 vetustate
1233 1618 1289 1692 di-

101 1737 223 1834 lapsus
251 1745 322 1834 est,
353 1736 487 1810 omisso
514 1736 661 1809 circuitu
686 1735 915 1810 subterraneo
942 1736 1095 1830 vallium,
1130 1736 1290 1810 brevita-
1416 1745 1419 1752 '

101 1855 144 1926 tis
171 1875 303 1950 eausa,
344 1851 664 1925 substructionibus
703 1853 1033 1949 arcuationibusque
1065 1852 1291 1925 traiieiuntur.

102 1967 255 2046 Sextum
278 1977 376 2042 tenet
400 1967 510 2041 librae
536 1968 652 2040 locum
676 1966 774 2042 Anio
799 1965 930 2064 Vetus,
971 1968 1129 2041 similiter
1154 1967 1292 2041 sullec-

102 2096 200 2158 turus
228 2085 330 2158 etiam
363 2082 543 2157 altioribus
573 2083 663 2157 locis
689 2084 811 2182 Urbis,
852 2086 896 2179 si,
935 2085 995 2158 ubi
1026 2085 1169 2157 vallium
1201 2082 1292 2158 sub-

103 2202 361 2298 misserumque
394 2201 579 2298 regionum
614 2199 764 2275 conditio
799 2201 921 2301 exigit,
969 2199 1292 2274 substructionibus

106 2394 353 2419 -nu-h-——n-

145 2508 319 2593 directum)
357 2517 388 2580 V
407 2517 449 2579 F:
477 2517 643 2580 directum..
679 2514 773 2581 GU:
802 2516 975 2578 derectum.
1013 2512 1093 2576 sm:
1115 2514 1293 2577 directione.

104 2636 134 2679 v.
156 2618 284 2680 Aunott.
328 2615 368 2680 Ut
390 2615 466 2681 GU
496 2615 546 2677 hic
568 2617 635 2692 der.
657 2615 781 2694 legunt,
822 2615 865 2677 ita
895 2613 965 2676 Art.
995 2617 1033 2675 31
1057 2613 1234 2692 derectum,
1262 2616 1295 2674 et

107 2717 213 2779 ibidem
237 2715 262 2780 G
286 2716 384 2796 deripi
389 2736 404 2792 ,·
428 2717 497 2779 Art
522 2721 579 2780 124
602 2715 628 2781 (i
651 2716 777 2791 derecti,
820 2714 889 2776 Art.
913 2719 971 2776 126
994 2711 1019 2776 C
1042 2713 1189 2794 derigunt.
1227 2710 1293 2774 Sed

106 2817 173 2880 Art.
192 2821 237 2902 ,20
259 2815 326 2876 libri
348 2834 452 2877 omues
474 2815 594 2879 directi.
636 2817 684 2878 De
706 2834 764 2896 quo
788 2814 973 2876 librariorum
997 2798 1082 2874 inore
1103 2813 1213 2894 passim
1233 2812 1294 2874 viri

106 2915 184 2980 docti
207 2913 300 2976 locuti
321 2918 400 2976 suut.
444 2913 494 2977 01.
516 2915 652 2992 lleruog.
674 2916 710 2976 ad
733 2913 825 2979 Gaea.
846 2915 881 2975 B.
906 2911 943 2976 G.
964 2912 989 2974 l.
1011 2916 1062 2976 45.

145 3015 189 3077 ad
208 3013 336 3092 subtile)
358 3014 439 3076 vu:
461 3015 608 3076 usubtiti.
630 3016 665 3077 J:
688 3013 777 3076 uliud
797 3013 920 3076 subtile.
941 3014 966 3074 B
989 3015 1021 3074 et
1035 3012 1075 3074 al.
1088 3024 1154 3074 ree:
1176 3011 1293 3091 subtili,

108 3135 163 3176 om.
184 3114 421 3195 praepositione.
464 3112 539 3176 Sclr.
562 3115 704 3191 corrigite
727 3113 771 3175 ad
791 3112 945 3176 subtilius.
984 3131 1018 3173 r.
1039 3113 1167 3175 Aunott.

144 3212 338 3294 uererentur)
359 3212 465 3290 Lego:
484 3216 632 3293 peterent.
653 3214 797 3277 HlllNR.

147 3314 291 3394 vallium)
313 3313 332 3374 J
337 3330 347 3378 a
368 3313 525 3375 vultus.B
548 3314 579 3374 et
599 3311 638 3372 al.
659 3330 727 3378 reea
749 3313 847 3376 cottia
868 3317 996 3374 bucina.
1028 3307 1138 3370 Paullo
1160 3309 1228 3370 ante
1249 3304 1293 3372 U:

110 3416 262 3473 ammisso.
300 3412 343 3476 V:
366 3411 508 3474 obmisso.
533 3410 581 3474 Gi.
603 3411 729 3475 Aunott.

147 3512 361 3591 truiieiuutur)
405 3511 428 3573 F
456 3510 498 3576 0:
526 3515 712 3574 traiiciutur.
756 3512 799 3579 V:
828 3508 1007 3575 traiicimur.
1050 3509 1084 3570 lu
1107 3506 1133 3572 (i
1154 3506 1294 3570 scribitur

111 3615 298 3673 traiciuntur.
317 3614 349 3673 ut
368 3611 437 3673 Art.
458 3614 516 3689 33:
538 3611 684 3673 adiciunt.
722 3610 792 3674 Art.
816 3616 889 3673 105:
910 3610 1093 3673 subiciendi.
1122 3607 1193 3671 Art.
1220 3611 1294 3669 1⁰6:

111 3709 257 3772 subicere.
299 3710 369 3772 Art.
393 3714 468 3773 112:
505 3709 708 3772 adiciendum.
731 3714 789 3773 cte.
811 3712 875 3771 lerc
897 3711 1006 3792 ubique
1028 3705 1228 3787 adstipulante
1248 3702 1294 3769 U:

113 3810 147 3870 de
174 3828 232 3890 quo
261 3807 443 3871 librariorum
470 3827 553 3870 more
585 3810 655 3892 quid
684 3809 725 3872 sit
750 3811 954 3891 statuendum,
982 3811 1099 3872 centies
1123 3809 1183 3872 viri
1210 3808 1295 3872 docti

112 3912 294 3970 monuerunt.
323 3908 373 3973 Gt.
395 3908 521 3972 Anuott.

152 4012 244 4069 etium
265 4009 391 4089 citior.)
413 4009 496 4072 Vct
518 4010 596 4081 eddz
625 4019 656 4072 et
675 4008 732 4070 ult.

152 4111 191 4182 si,
214 4106 283 4188 ubi)
304 4107 386 4185 ¹Libri
409 4126 511 4170 omncs
533 4107 643 4170 sicubi.
666 4107 738 4171 Pol:
759 4112 798 4188 si,
821 4106 883 4170 ubi.
898 4105 976 4173 Sch:
997 4111 1037 4187 ai,
1053 4106 1164 4172 sicubi.
1187 4105 1294 4170 Heiur.

117 4205 216 4268 aieubi
237 4209 349 4268 temere
372 4225 442 4268 esse
463 4210 621 4287 repetitum
644 4226 684 4269 ex
705 4206 911 4285 superioribus
932 4212 1064 4271 annotat.

152 4306 205 4368 eet
226 4308 346 4367 eriamie
367 4301 460 4386 erip.)
504 4304 547 4369 G:
570 4307 799 4369 catenationibus
818 4311 931 4369 veteris
951 4313 1131 4388 exiperetur.
1160 4305 1205 4368 U:
1227 4322 1295 4366 arc.

115 4409 228 4467 veteris
248 4409 410 4483 eriperetur.
447 4406 476 4468 V
499 4412 530 4468 et
551 4408 626 4468 cdd:
648 4427 714 4469 ure.
735 4417 854 4468 ueteres
875 4409 1040 4486 exiperetur.
1062 4405 1180 4487 0psop.
1201 4414 1312 4464 anno-⁴

118 4506 176 4567 ut:
198 4504 360 4599 „ltlcndum
382 4505 479 4568 estin
500 4511 803 4590 cetereaecipentur.
826 4507 860 4569 lu
882 4505 1002 4570 Pitheci
1023 4506 1091 4566 cod.
1120 4504 1191 4566 illud
1211 4506 1298 4567 aste-
