2978 4988
430 327 501 404 nn
527 325 716 433 ,ieiune
742 321 1010 403 uncrinus

81 565 168 658 sint,
203 561 355 636 directos
384 560 427 634 ud
454 565 640 655 rationem,
677 559 720 632 de
746 583 814 655 qua
839 559 944 631 lecuti
971 580 1105 648 eumue,
1135 578 1256 628 emen-

79 679 172 753 dutis
199 690 372 776 quattuor,
399 700 489 774 ques
516 678 646 772 aquarii
672 688 908 748 novaverant:
936 670 1128 747 secundum
1156 694 1259 767 quarn

81 811 117 869 et
144 795 280 868 tistutse
307 818 440 890 omnes,
477 816 567 889 quae
593 816 683 891 epus
710 793 847 890 t'ueient,
884 789 985 886 dirigi
1012 787 1150 880 debent,
1186 802 1256 879 eut,

81 914 115 984 si
154 911 220 987 iras
257 910 395 985 fistulae
433 910 630 1002 manebunt,
677 907 722 981 ud
761 907 948 1003 quinariaS,
988 917 1072 1001 quet
1109 908 1257 1000 capient,

82 1028 287 1125 computari.

186 1141 260 1234 Oui
297 1168 365 1215 neri
405 1152 486 1215 sunt
522 1142 556 1214 in
589 1163 659 1214 usu
692 1136 832 1234 moduli,
874 1140 907 1211 in
941 1139 1028 1235 ipsis
1056 1147 1110 1210 est
1136 1130 1359 1231 anm-(38)

85 1273 205 1333 tntum.
231 1265 254 1308 ᾗ
280 1263 302 1307 *⁸
328 1262 350 1306 i

88 1541 276 1604 statuendum
299 1546 359 1615 eet,
382 1557 471 1622 aquo
494 1558 592 1602 accus.
613 1543 765 1622 formulas
785 1540 924 1620 pendeat.
974 1538 1005 1599 in
1027 1537 1149 1618 reliquis
1171 1541 1267 1597 autem

88 1641 194 1725 uerbis
216 1639 288 1700 nituit
310 1641 476 1700 mutamtum
498 1644 557 1717 est,
579 1641 811 1721 interpunctiuni
833 1644 941 1700 tantum
959 1637 1197 1700 succurrendum.
1219 1634 1268 1698 Ct'.

90 1742 218 1803 rinnon.

133 1838 269 1901 directus
291 1838 431 1913 adrat.)
454 1859 485 1898 v.
510 1820 635 1900 Annuit
662 1836 752 1902 GU:
777 1838 892 1899 dcccci.
917 1858 946 1901 v.
968 1838 1005 1897 ud
1027 1836 1095 1899 nn.
1119 1840 1166 1898 18.
1194 1834 1269 1898 edd.

92 1953 162 2000 rec:
185 1937 307 2000 ducem
328 1948 375 2001 est
395 1938 439 1999 ad
458 1948 518 1999 rat.
541 1945 629 2018 atque
652 1939 681 1999 in
696 1939 756 2001 VF
776 1957 831 2019 pre
847 1936 1275 2018 praeced.sintiegitursunt.

134 2033 339 2116 uocauerunt}
382 2036 464 2099 nimi
495 2044 614 2116 prester
637 2037 679 2101 C:
711 2043 950 2100 nominaverant.
971 2057 1002 2098 v.
1023 2035 1061 2097 ud
1082 2036 1150 2097 Art.
1173 2039 1224 2097 31.

135 2134 300 2201 nummum
321 2155 409 2219 quum
430 2146 462 2197 et
480 2138 523 2217 s.)
562 2134 654 2198 GU:
675 2157 741 2199 sec.
764 2137 855 2220 pund.
887 2134 933 2199 V:
954 2153 1018 2199 sec.
1040 2138 1093 2218 qui
1113 2136 1190 2216 ets.
1214 2154 1278 2195 um-
1362 2134 1366 2147 ’

93 2257 150 2298 nes
183 2255 263 2318 epus
287 2235 355 2316 sac.
400 2236 484 2299 ridde
522 2256 586 2298 sec.
616 2256 705 2317 quum
733 2237 809 2316 ets.
838 2257 894 2298 orn.
917 2254 995 2317 epus
1013 2234 1167 2315 facientes
1188 2233 1280 2310 dirip.

54 2398 59 2409 ,
95 2325 265 2397 Sciitsrc.
287 2354 375 2417 puae.
398 2333 463 2397 Pul.
486 2341 517 2396 et
537 2332 647 2403 lteinr:
675 2355 773 2418 quum,
801 2333 868 2396 scil.
891 2335 1044 2397 rationem.
1082 2330 1189 2396 Recte.
1232 2331 1280 2396 Ct'.

95 2439 222 2498 Arnrett.

141 2545 211 2618 punt
234 2536 372 2616 capient)
412 2532 554 2595 Editeres
578 2543 648 2613 prust
666 2532 738 2596 Pul:
763 2553 840 2616 puae
863 2553 932 2614 cup.
975 2534 1018 2595 nt
1041 2530 1081 2596 C:
1105 2531 1186 2614 pund
1208 2549 1280 2611 cup.

98 2634 142 2697 U:
166 2633 249 2716 pund
270 2637 440 2713 capientur.
464 2632 511 2694 V:
535 2652 592 2715 pun
616 2638 761 2715 imputari
782 2632 1022 2716 suspiciendi:
1045 2650 1103 2714 pua
1126 2639 1285 2710 computus

99 2737 251 2816 capietur.
273 2732 342 2792 edd.
359 2748 427 2794 rec:
451 2751 509 2813 pun
533 2734 591 2804 tir:
614 2738 702 2815 quet)
726 2737 848 2814 capitur
870 2735 1050 2816 cunrputari.
1066 2806 1069 2811 Ι
1085 2728 1157 2792 Scir.
1180 2746 1284 2788 emen-

102 2832 185 2894 davit
209 2841 280 2914 quet
301 2850 372 2910 cup.
396 2850 455 2908 „se
479 2830 560 2893 victe
583 2834 629 2893 sie
651 2832 744 2893 deren
765 2836 866 2892 t'assen
888 2829 1044 2893 werden.“
1067 2830 1160 2892 Bene.
1199 2828 1283 2915 Quae

100 2932 140 2994 ud
161 2932 351 2992 constitutam
373 2931 517 2992 rationem
540 2949 599 2992 nen
621 2931 798 3007 dirigentur,
837 2931 948 2992 debent
968 2930 1132 3009 cunrputuri
1154 2930 1191 2990 ud
1213 2929 1282 3011 qui-

101 3031 245 3093 nuruum
267 3031 376 3113 tuntum
397 3047 559 3105 numerum,
582 3034 720 3111 quantum
737 3031 866 3109 cupient.

145 3128 206 3218 Qui
225 3146 285 3189 aen
306 3133 606 3199 sunt-annotatum)
650 3130 709 3217 Qui
730 3132 866 3210 sequitur
887 3129 991 3205 iscus,
1019 3128 1050 3189 in
1071 3125 1157 3187 libris
1179 3127 1284 3187 taciem

100 3246 173 3308 prue
195 3245 229 3289 se
252 3228 311 3289 tert
330 3225 421 3290 hanc:
443 3236 618 3290 annotatum
639 3237 670 3290 ct
690 3226 752 3300 (Ct
773 3228 957 3290 adnotatum.
979 3227 1039 3299 Et)
1067 3225 1205 3287 diametri
1224 3227 1285 3284 tri-

102 3334 199 3389 entem
219 3326 340 3406 dipitnm
362 3326 427 3386 dici
448 3327 493 3398 (V
516 3330 547 3386 ct
569 3327 644 3388 cdd:
667 3327 756 3400 dice)
783 3347 868 3409 nuum
895 3328 1053 3410 quinariae
1073 3325 1236 3384 sescuncia
1256 3331 1287 3384 et

103 3425 260 3506 scrupulis
286 3423 330 3495 (C
351 3424 385 3487 J:
411 3429 525 3507 scrip.)
553 3425 650 3486 tribus
672 3437 703 3488 et
718 3427 805 3488 desse
825 3427 973 3508 scruputi.
1017 3425 1144 3501 Dipitns
1180 3420 1227 3492 (V
1247 3421 1286 3481 F:

104 3535 137 3588 at
157 3525 286 3603 dipitns)
311 3523 477 3605 prrudrutus
498 3527 529 3585 in
542 3525 701 3588 latitudine
714 3537 746 3590 et
759 3526 946 3605 isnpitudine
972 3524 1006 3595 (J
1026 3526 1056 3583 et
1068 3532 1134 3582 ree:
1156 3524 1188 3581 in
1205 3520 1286 3599 lunp.

104 3635 136 3687 et
156 3626 227 3696 tat.)
262 3624 400 3704 aequatis
425 3632 481 3687 est.
524 3625 651 3702 Dipitus
683 3626 852 3707 quadratus
885 3629 916 3686 in
947 3621 1104 3684 rutundum
1128 3620 1285 3696 redactus,

105 3723 196 3786 nudet
225 3723 362 3784 diuraetri
390 3722 512 3800 dipitum
536 3743 622 3784 unum
648 3734 678 3785 ct
705 3726 794 3804 dipiti
814 3728 1002 3786 sescunciam
1024 3723 1109 3800 capit
1130 3724 1287 3803 quinariae

106 3822 140 3894 (J
163 3829 193 3884 et
214 3838 281 3884 rec:
303 3826 500 3900 semunciam,
524 3824 683 3887 sertulam.
711 3825 803 3905 Capit
823 3827 982 3906 patinarias
1003 3820 1201 3893 dextantem).
1222 3821 1288 3882 Di-

105 3924 187 4001 pitus
208 3920 352 3981 rutundus
373 3921 463 3983 dubet
491 3921 631 3983 diurnetri
657 3921 780 4002 dipitnm
807 3944 903 3984 unnm.
934 3925 1020 4004 cupit
1047 3923 1206 4003 quinariae
1232 3939 1286 3981 sa-

103 4030 245 4103 ptuncem
265 4029 296 4081 et
315 4025 508 4083 semiunciam
528 4031 644 4084 sectum
670 4023 705 4094 (J
727 4028 758 4082 et
779 4037 846 4083 rec:
868 4032 946 4104 sept.
967 4024 1158 4094 semunciam,
1180 4027 1286 4080 satu-

107 4120 194 4192 iam).
216 4118 249 4179 ln
271 4119 301 4180 V
321 4120 343 4179 F
366 4118 554 4182 omittuntur:
576 4124 607 4183 in
629 4121 815 4200 lonpitudine
836 4130 866 4183 et
887 4122 1046 4183 latitudine
1067 4118 1209 4201 aequatis
1228 4125 1287 4181 est.

107 4219 235 4297 Dipitus
256 4219 435 4301 quadratus.
463 4220 492 4279 in
520 4222 626 4282 iisdem
649 4222 755 4282 desunt
776 4223 867 4282 verbu
888 4231 918 4284 et
940 4221 1027 4299 stipiti
1047 4221 1211 4282 sescuncia
1230 4236 1288 4277 us-

107 4336 167 4400 que
209 4319 247 4378 ad
288 4323 373 4400 cupit
414 4320 572 4401 quinariae
613 4332 795 4402 septuncem.
841 4321 908 4383 Pul.
951 4320 1061 4383 edidit:
1104 4325 1286 4391 annotatum,

111 4425 141 4479 et
163 4456 453 4482 ..........
477 4419 616 4482 diametri
639 4422 761 4500 dipitum
783 4441 869 4483 naum
891 4423 1068 4483 ettrientum
1081 4420 1140 4480 stc.
1155 4431 1288 4494 pergens

112 4532 176 4576 cum
199 4517 436 4582 vertendus
458 4520 664 4601 sequentibus,
687 4539 761 4603 quae
783 4524 920 4584 accurate
944 4537 1038 4600 usquc
1060 4517 1097 4578 ad
1118 4513 1198 4576 illius
1218 4513 1287 4576 Art.

1017 4620 1068 4688 4.
