2978 4988
439 357 510 433 oe
531 357 728 454 nonan
752 361 1034 442 occurens.
1223 346 1228 355 '
1332 306 1382 440 aa

101 589 273 674 ordini,
314 616 414 683 eos,
456 596 531 692 qni
570 597 702 694 aquis
741 597 946 692 publicis
984 614 1279 696 praeessent,

100 733 198 779 cum
250 711 351 781 eius
402 713 468 781 rei
520 734 662 785 causa
714 723 846 785 extra
884 713 1050 790 Urbem
1101 729 1280 812 essent,

103 825 308 897 iictores
360 825 489 898 binos
542 841 584 901 et
634 850 798 901 servos
848 828 1062 924 publicos
1102 841 1280 927 ternoS‚

102 941 390 1013 architectos
426 944 638 1039 singulos
674 956 715 1016 et
749 941 929 1018 scribas
964 959 1006 1017 et
1036 942 1281 1038 librarioS,

102 1080 330 1131 acrensos
358 1080 713 1157 praeconesque
738 1059 923 1133 totidem
949 1059 1138 1154 habere,
1176 1078 1283 1161 quot

102 1172 266 1246 habent
301 1174 350 1264 ii,
388 1199 467 1270 per
499 1199 611 1274 quos
646 1177 906 1249 trumentum
938 1174 1090 1272 plebei
1123 1174 1280 1252 datur:

102 1314 196 1361 cum
225 1303 370 1361 autem
397 1291 439 1362 in
466 1291 588 1368 Urbe
616 1291 820 1364 eiusdem
846 1293 913 1366 rei
939 1314 1077 1365 causa
1104 1292 1281 1390 aliquid

101 1419 313 1500 agerent,
350 1409 525 1479 ceteris
551 1409 901 1504 apparitoribus
926 1407 1110 1504 iisdem,
1144 1434 1280 1506 prae-

99 1537 306 1618 terquam
341 1521 611 1613 lictoribus5
649 1526 722 1596 uti.
773 1524 960 1622 Utique,
998 1524 1166 1623 quibus
1198 1549 1279 1623 ap·

100 1637 390 1732 paritoribus
430 1663 482 1710 ex
520 1638 602 1712 hoc
639 1637 680 1716 S.
709 1637 754 1717 C.
781 1638 1093 1716 Curatoribus
1133 1664 1277 1740 aqua·

101 1777 192 1824 rum
218 1758 282 1824 uti
308 1752 493 1849 liceret,
530 1779 610 1829 eos
646 1756 808 1830 diebus
845 1755 999 1830 decem
1032 1759 1274 1855 proximis⁷

101 1868 268 1966 quibus
307 1867 350 1944 S.
378 1867 423 1946 Ο.
458 1869 625 1944 iactum
660 1882 807 1966 esset⁷
849 1869 902 1945 ad
935 1873 1163 1946 aerarium
1197 1871 1277 1948 de·

100 1984 299 2064 terrent;
327 1993 495 2084 quique
523 1992 587 2059 ita
615 1987 756 2061 delati
784 1999 963 2081 essent,
992 1991 1051 2062 iis
1077 1990 1276 2065 Praeto-

100 2124 177 2171 res
211 2103 381 2174 aerarii
413 2102 667 2177 mercedem
701 2104 897 2198 cibaria⁷
936 2115 1103 2203 quanta
1129 2105 1277 2180 Prae-

103 2217 215 2287 t'ecti
242 2216 465 2290 i'rumento
493 2216 636 2291 dando
663 2219 769 2291 dare
797 2218 1076 2318 deterreque
1103 2222 1275 2317 soient,

101 2357 243 2405 annua
276 2335 433 2406 darent
459 2345 501 2405 ct
526 2333 864 2426 attribuere‘nt3
898 2336 1054 2434 iisque
1088 2361 1165 2411 eas
1194 2364 1275 2436 pe-

100 2453 262 2522 cunias
289 2456 390 2522 sine
417 2449 576 2522 i'raude
602 2474 681 2522 sua
708 2451 865 2525 iacere
891 2451 1068 2525 liceret.
1107 2453 1277 2551 Utique

99 2567 302 2656 tabutas,
340 2567 525 2639 chartas
557 2580 821 2663 ceteraque,
859 2593 973 2666 quae
1006 2569 1104 2641 eius
1139 2593 1275 2641 cura-

100 2678 408 2756 ttonis‘eausa
436 2707 548 2780 opus
575 2695 704 2756 esset
728 2685 786 2757 iis
805 2681 1120 2761 Curatoribus
1146 2709 1275 2782 prae-

100 2801 222 2893 beri,
277 2824 325 2872 ea
367 2797 412 2889 Q.
453 2799 641 2894 AeliuS,
694 2801 867 2874 Paulus
905 2801 1081 2876 Fabios
1121 2799 1274 2885 Coss,q

101 2918 228 2989 ambo
280 2918 480 3002 aiterum,
535 2918 574 2989 si
625 2923 685 2990 iis
737 2917 1002 3013 videbitur⁷
1056 2918 1277 2993 adhibitis

102 3033 410 3105 Praetoribus
445 3035 519 3129 qui
552 3035 730 3108 aerario
757 3039 981 3133 praesint,
1017 3034 1278 3131 praebenda

100 3220 374 3232 ...a—ffl—

142 3326 318 3402 cetereqoe]
348 3319 393 3381 V:
424 3329 609 3400 ceterasque.
638 3317 717 3397 (quod
738 3314 988 3396 praecedentibus
1014 3313 1136 3378 labotes
1158 3316 1282 3378 chartea

102 3421 238 3494 rieirotor,
262 3424 292 3480 ot
315 3421 342 3480 in
366 3420 387 3478 F
410 3422 578 3497 correptum
601 3418 631 3476 in
653 3433 821 3499 caereoque
843 3416 1085 3497 deprehenditur.
1114 3416 1209 3476 Etiam
1233 3418 1279 3478 ed.

101 3539 145 3596 pr.
168 3518 274 3578 Potoni
299 3523 330 3579 et
352 3520 400 3578 od
422 3521 484 3577 vet.
508 3517 664 3596 Opsopoei
695 3535 885 3599 caeracqne,·
919 3535 958 3576 ex
980 3535 1038 3596 quo
1060 3515 1208 3576 Pithoeus
1231 3518 1280 3574 oi'-

102 3620 189 3680 i'ocit:
214 3637 342 3692 coerce,
366 3636 507 3699 quaeque.
531 3618 619 3676 docte
641 3616 753 3691 magis,
775 3635 859 3698 quam
881 3634 965 3676 vere.

143 3737 221 3800 quoe
243 3720 308 3777 etas
332 3725 413 3787 aar.)
437 3715 521 3779 vr:
546 3734 623 3796 qaae
643 3715 780 3798 eaerepto
804 3734 869 3775 cer.

138 3816 300 3898 praeberi,
324 3836 361 3875 ea
384 3819 457 3888 otc.)
488 3814 601 3893 Scripti
625 3819 656 3874 ct
676 3814 769 3875 editi:
798 3833 875 3897 qaae
895 3844 936 3858 *—
958 3829 1007 3895 op⁸
1030 3823 1112 3876 esset
1140 3811 1203 3896 [Ut
1230 3836 1281 3876 esa

99 3921 186 3987 cent)
208 3951 248 3958 -—
274 3914 453 3997 praebendo
472 3923 564 3974 -et
590 3911 650 3992 [Ft
678 3919 737 3999 ea)
763 3914 941 3995 praebenda
963 3914 1074 3973 locent.
1117 3913 1189 3976 Soh.
1212 3914 1280 3973 ioro

101 4017 212 4077 mederi
235 4015 356 4095 portabat
378 4017 441 4076 aio:
470 4033 546 4095 qaae
568 4043 607 4056 -
629 4031 680 4094 op.
702 4021 819 4090 essent,
847 4033 886 4075 err
910 4019 1054 4074 carerent
1083 4011 1282 4073 curatoribus

98 4115 279 4196 praebenda
302 4116 339 4201 Q
356 4114 655 4195 Aeliam—praestet
675 4124 706 4174 et
723 4113 828 4195 praed.
850 4113 909 4174 tac.
952 4110 1018 4173 Alii
1030 4111 1164 4182 *aiterum
1183 4132 1282 4193 pree-

101 4213 203 4277 beade
236 4216 410 4291 repetitioni
438 4212 540 4274 debari
569 4212 797 4289 existimabant,
833 4213 914 4273 sicut
945 4207 1069 4285 ticina,
1106 4211 1156 4291 qui
1185 4211 1280 4285 iepitg

101 4333 178 4395 paee
197 4331 310 4394 --ομ
332 4321 447 4387 eareat,
474 4316 514 4375 iis
534 4313 605 4374 Cer.
626 4311 819 4393 praeberent.
862 4310 902 4401 Q.
924 4311 1034 4371 Actias
1054 4344 1095 4352 —
1115 4330 1155 4371 ea
1173 4311 1279 4392 praed.

101 4413 163 4472 ioe.
191 4411 277 4476 orate.
306 4416 338 4472 et
366 4410 580 4491 Caecubonus,
609 4412 659 4494 qui
688 4411 725 4477 ad
751 4409 839 4471 Suet.
868 4409 977 4471 Octar.
999 4413 1040 4470 36
1070 4410 1115 4469 sic
1137 4407 1279 4471 exhibet:

101 4530 178 4590 quae
199 4545 239 4553 -—
259 4530 312 4592 po.
335 4519 432 4586 esset,
453 4514 492 4574 iis
514 4510 781 4594 Ceapraebeeda.
804 4509 923 4602 Quiri.
937 4541 978 4554 -
992 4514 1145 4587 praestat,
1167 4508 1277 4570 taceat.
1389 4500 1392 4507 ’

1036 4607 1060 4672 1
