2978 4988
97 313 147 386 na
530 254 938 392 ruonnrmus

198 547 318 620 titulus
357 545 518 622 est'DE
551 544 730 638 Aulus.
783 544 887 638 Quae
922 570 1013 620 nuno
1044 570 1116 620 nos
1137 526 1250 621 or'nuia
1276 547 1377 620 simili

198 662 336 736 lieentia
360 673 541 761 usurpata,
567 665 697 737 utinam
722 687 791 736 non
817 686 882 759 per
908 661 1086 757 ollensaS,
1127 663 1375 760 probaremus:

199 781 354 877 irriguos
382 801 515 877 agros,
555 779 740 872 tabernas,
777 777 967 852 coenacula
994 779 1120 874 etiam,
1162 778 1378 875 corruptelas

101 968 103 974 .
201 895 350 991 denique
376 918 499 969 omnes
524 894 703 991 perpetuis
731 892 935 967 salientibus
962 894 1151 967 instructas
1172 894 1377 967 invenimus

200 1011 294 1084 Nam
330 1008 424 1106 quod
460 1009 560 1083 falsis
594 1008 705 1082 titulis
732 1009 821 1084 aliae
846 1033 910 1106 pro
937 1008 1013 1082 aliis
1040 1032 1152 1107 aquae
1178 1010 1378 1106 erogaban-

203 1137 278 1222 tur,
318 1125 421 1199 etiam
456 1135 542 1198 suut
570 1125 660 1198 inter
692 1125 826 1198 leviora
853 1125 982 1198 oeteris
1006 1126 1100 1199 vitia.
1134 1127 1230 1199 Inter
1255 1149 1298 1198 ea
1322 1136 1379 1195 ta·
1411 1147 1415 1159 ¹

200 1265 292 1337 meu,
321 1224 419 1338 quae'
437 1239 712 1314 emendationem
737 1239 944 1313 videbantur
981 1245 1151 1338 exigere,
1191 1264 1378 1314 numeran-

201 1356 376 1451 domest,
401 1354 496 1455 quod
523 1355 596 1431 lere
623 1357 721 1429 oiroa‘
742 1367 895 1429 montem
921 1352 1084 1432 Coelium
1111 1367 1145 1430 et
1164 1355 1381 1430 Aventinum

202 1469 340 1545 accidit.
404 1469 478 1564 Qui
515 1471 649 1567 oolleS,
689 1472 892 1569 priusquam
930 1468 1081 1548 Claudia
1118 1471 1378 1569 perduceretur,

203 1586 390 1662 utebantur
412 1588 550 1662 Marcia
576 1597 611 1660 et
635 1588 741 1661 Julia.
793 1585 873 1662 Sed
905 1597 1091 1685 postquam
1123 1588 1224 1661 Nero
1261 1589 1379 1684 lmpe-
1425 1616 1427 1621 ⁴

205 1715 300 1777 rator
325 1701 521 1798 Claudiam,
551 1726 658 1799 opere
684 1714 828 1776 arcuato
853 1701 959 1777 altius
985 1714 1180 1802 exceptam,
1207 1701 1382 1798 usquead

203 1818 371 1916 templum
401 1818 487 1893 Divi
517 1816 659 1896 Claudii
684 1817 870 1916 perduxit,
896 1818 948 1893 ¹ut
985 1818 1064 1893 inde
1101 1818 1379 1911 distribueretur,

204 1934 343 2032 priores
369 1959 438 2009 uon
464 1934 648 2032 ampliatae
674 1932 740 2007 sed
765 1935 920 2008 omissae
946 1948 1047 2014 sunt:
1082 1935 1175 2009 nulla
1201 1936 1291 2007 enim
1317 1958 1380 2006 oa-

127 2099 132 2111 ·
205 2050 308 2124 stella
333 2048 477 2142 adiecit,
506 2049 571 2124 sed
596 2048 721 2122 iisdem
747 2073 837 2123 usus
863 2063 931 2146 est,
955 2075 1113 2148 quorum,
1130 2050 1394 2147 quamvismu-

203 2175 274 2240 tata
300 2189 401 2263 aqua,
430 2176 535 2239 vetus
560 2165 745 2262 appellatio
771 2167 971 2264 permansit.

128 2282 180 2357 77
280 2280 381 2360 Satis
407 2283 475 2354 iam
501 2280 546 2355 de
570 2280 675 2355 modo
701 2285 872 2378 cuiusque
911 2295 947 2357 et
983 2282 1089 2357 veluti
1116 2305 1207 2356 nora
1234 2278 1383 2377 quadarn

205 2399 434 2495 acquisitione
460 2422 651 2495 aquarum,
693 2408 727 2471 et
752 2399 932 2473 lraudibus
959 2408 994 2472 et
1017 2399 1131 2494 vitiis,
1172 2420 1261 2496 quae
1287 2397 1382 2469 eirea

109 2641 345 2663 ’unu-n-

165 2883 171 2895 ,
204 2796 315 2859 ceteris
337 2801 407 2861 sunt
428 2799 556 2861 leniora.
589 2799 689 2863 illinus
710 2799 827 2881 quidem
849 2801 992 2879 expedita
1015 2800 1110 2862 oratio
1133 2802 1191 2878 est,
1208 2798 1263 2859 sed
1285 2799 1382 2859 tamen

201 2900 294 2960 recta.

248 2997 481 3077 numerandum)
504 2997 534 3060 V
557 3000 588 3058 et
610 2999 685 3058 edd:
707 2996 883 3059 adrandum.

247 3096 487 3180 perduceretur)
509 3096 539 3159 V
560 3096 583 3157 F
606 3095 650 3163 O:
679 3097 769 3178 prod.
794 3101 824 3159 el
845 3098 920 3159 infra
939 3098 1095 3180 produxit.
1119 3099 1126 3111 “

223 3189 423 3279 postquam)
447 3197 476 3258 V
499 3201 530 3259 el
552 3197 624 3256 edd:
646 3206 859 3278 posteaquam.

249 3297 344 3358 ultius
365 3296 503 3378 except.)
527 3294 566 3359 G:
589 3315 683 3356 oscus
706 3304 838 3378 except·
865 3293 892 3356 U
913 3295 960 3358 Vt
981 3315 1018 3357 as
1038 3338 1047 3355 .
1071 3337 1079 3354 .
1103 3336 1111 3353 .
1133 3303 1254 3373 except.
1297 3291 1381 3352 Edd:

202 3400 368 3478 assumpsit
389 3406 508 3477 except.
530 3415 560 3455 v.
583 3380 707 3455 Aunot't.

250 3493 397 3573 omissae)
419 3495 448 3556 V
470 3499 501 3557 et
523 3494 603 3555 edd:
625 3497 767 3557 amissae.
789 3513 821 3559 v.
843 3494 968 3556 Annott.

249 3595 350 3669 nulla]
374 3586 418 3658 C:
441 3615 461 3655 u
482 3594 580 3655 nullu.
601 3625 644 3637 -
664 3612 737 3654 usus
750 3594 822 3673 est)
844 3592 921 3656 Edd.
944 3600 1079 3669 omest.

137 3692 170 3743 77
245 3697 392 3776 cuiusque
414 3703 444 3755 et
464 3693 541 3766 uel.)
566 3689 607 3755 C:
630 3695 777 3775 cuiusque
797 3691 890 3754 vetut.
913 3692 956 3765 V:
980 3708 1103 3773 cumque
1123 3687 1229 3752 ueluti.

186 3787 366 3874 {uquarum}
390 3789 431 3854 C:
455 3811 590 3874 quarum.
612 3823 653 3835 -
675 3788 747 3870 aas]
772 3787 813 3852 O:
835 3809 883 3851 eu.

248 3901 279 3952 el
295 3890 420 3971 siuud.)
443 3889 546 3967 bego:
568 3900 600 3953 et
619 3891 657 3952 de
677 3888 785 3970 fraud.
806 3887 945 3952 nulus.
965 3888 1059 3952 Bene.

249 3990 417 4069 confertam
440 3984 517 4069 etc.)
560 3987 627 4051 ΡοΙ.
645 3988 800 4063 vulgavit:
823 3988 1006 4066 confectam,
1029 3998 1058 4049 at
1079 3988 1129 4066 (ut
1150 3990 1197 4048 sic
1213 3985 1331 4064 dicum)
1352 3991 1383 4048 iu

185 4083 334 4166 {massam
355 4091 417 4149 inu.
436 4089 665 4167 interpretatus:
700 4089 729 4146 in
762 4103 899 4145 summanr
925 4105 965 4147 ex
992 4086 1199 4166 partitionibus
1221 4084 1382 4146 maioribus

203 4189 412 4263 constitutam,
441 4187 651 4265 partitionibus
672 4181 851 4258 minoribus,
885 4185 915 4243 in
938 4205 1011 4265 quas
1033 4184 1297 4245 subdividehantur
1318 4203 1382 4244 111³-

202 4286 296 4363 ioreS,
319 4282 481 4360 neglectis.
525 4286 641 4364 Opsop.
664 4285 765 4341 forsan
787 4296 846 4338 non
869 4281 1091 4361 improbandum
1118 4300 1188 4346 osse
1215 4286 1382 4345 coniectum

202 4386 332 4443 annotat.
377 4380 439 4441 Sed
473 4381 498 4445 (l
526 4383 569 4443 U:
608 4381 777 4458 consertum
809 4376 869 4447 (Ut
898 4377 1105 4462 consererem)
1134 4391 1163 4444 et
1190 4391 1223 4443 ut
1248 4387 1296 4444 aie
1319 4383 1381 4446 die.

202 4482 280 4541 unde
303 4477 376 4542 Scb.
397 4478 491 4556 legit:
515 4481 712 4558 consererem,
733 4483 766 4535 ul
784 4479 833 4537 sie
854 4475 916 4542 die.
939 4483 989 4560 qni
1010 4485 1092 4545 reete
1113 4482 1228 4543 deleuit
1248 4491 1298 4560 et,
1327 4499 1382 4543 eo-
