2978 4988
548 381 956 508 nonnullius

195 626 325 696 ninrurn
363 620 481 716 piuuia
514 619 728 715 inquinatur,
764 623 798 691 si
830 631 937 716 putea
971 625 1149 691 exstructa
1175 628 1210 690 et
1236 618 1374 691 obieeta

195 739 275 811 sint.

121 854 172 928 90
293 852 400 926 Duae
425 875 537 947 aquae
550 849 704 924 Anionis
729 852 844 925 minus
868 862 1070 949 permanent
1086 848 1268 947 limpidae;
1296 875 1373 922 nam

195 981 379 1042 sumuntur
404 993 451 1041 ex
477 967 633 1060 flumine,
672 992 715 1040 ae
740 991 849 1066 saepe
875 970 977 1042 etiarn
1003 991 1131 1040 sereno
1168 968 1371 1040 turbantur:

95 1181 386 1200 Μ

197 1271 435 1353 pronuntiabant.
480 1266 626 1330 Obieetus
646 1267 722 1329 idenr
744 1285 813 1330 osee
835 1268 967 1345 videtur,
989 1269 1068 1350 qnod
1089 1267 1158 1330 Art.
1182 1268 1220 1329 15
1237 1270 1372 1348 interpo-

92 1412 94 1419 ‹
192 1374 255 1433 situ
277 1368 411 1451 [pisoIna
431 1367 570 1441 linaria).
591 1401 633 1409 --
653 1366 846 1429 PraetereaJ
867 1372 898 1428 et
919 1384 988 1430 roo:
1010 1376 1088 1428 suut.

66 1490 73 1546 ,·
127 1469 161 1523 90
234 1471 329 1533 Duae
349 1487 450 1551 aquae
472 1468 620 1544 Anionis)
644 1465 841 1545 suspicabar:
863 1466 956 1529 Duue
977 1487 1133 1528 (tranenses
1154 1485 1263 1548 aquae,
1285 1467 1373 1527 nimi-

68 1554 75 1575 ’
196 1589 258 1630 run
282 1569 357 1629 douo
380 1585 473 1648 aquae
489 1567 620 1629 Anionis
632 1583 673 1626 ex
682 1584 765 1626 amne
775 1567 896 1627 Anione
913 1567 1065 1627 oriundae.
1089 1564 1257 1629 Coniioiae:
1281 1567 1374 1628 Duue

195 1670 337 1732 Anieuue
358 1685 477 1749 uquue;
499 1667 537 1726 de
559 1684 618 1747 qno
641 1665 780 1746 loquendi
802 1683 916 1742 genere
938 1665 1224 1744 nnattauhun.
1247 1664 1300 1725 tlt.
1326 1670 1372 1728 li.

197 1767 361 1846 iteponere
384 1771 480 1826 tannen
501 1763 704 1842 praeferebant
726 1765 820 1824 Duae
840 1766 985 1826 Auiones.
1028 1762 1117 1824 Pon.
1161 1764 1238 1840 Leg.
1280 1765 1373 1826 Duue

196 1869 337 1928 Aniorris.
378 1863 517 1924 lininio.
545 1864 638 1923 Duue
658 1864 794 1923 Auiones
816 1862 872 1922 dici
896 1881 953 1922 non
975 1867 1089 1940 potest,
1112 1882 1177 1924 cunr
1198 1865 1280 1924 Anio
1306 1865 1373 1924 ubi-

199 1982 257 2046 que
288 1964 329 2026 sit
356 1962 479 2039 generis
508 1961 632 2021 nrascni.
664 1965 695 2021 ot
722 1961 796 2021 iutra
822 1967 965 2039 pergatur
984 1961 1064 2022 ulter
1085 1963 1197 2024 eutis.
1240 1960 1282 2023 C:
1305 1964 1375 2024 Due

196 2065 343 2125 anteusus.
386 2059 435 2122 U:
458 2060 553 2121 Duae
573 2063 715 2120 arnensis.
756 2060 785 2120 V
807 2059 830 2119 F
851 2065 882 2121 et
904 2060 951 2123 ed.
972 2076 1023 2139 pr:
1046 2062 1154 2142 Aquae
1175 2062 1315 2122 Anienis.
1355 2061 1375 2122 J

198 2166 230 2224 et
250 2173 319 2223 reo:
340 2161 449 2242 Aquae
468 2161 609 2219 ,inionie
633 2157 710 2218 iiino
733 2159 846 2219 duabus
868 2159 1006 2219 librorum
1029 2158 1211 2220 lectionibus
1236 2161 1267 2220 in
1290 2179 1373 2220 unanr

197 2259 344 2337 conflatis,
367 2258 502 2320 restitui:
545 2259 638 2318 Duae
658 2277 757 2339 uqruue
779 2260 919 2322 Anionis.
962 2259 1029 2319 Λή.
1062 2263 1116 2320 13:
1158 2260 1252 2321 Duae
1272 2263 1373 2320 Anio-

197 2361 247 2420 nis
268 2391 309 2403 --
330 2377 437 2440 uquue.
481 2358 576 2417 Etiam
608 2358 701 2417 nrinor
732 2354 786 2416 tibi
816 2356 969 2418 videbitur
990 2358 1127 2432 andacia,
1158 2360 1373 2435 consideranti,

197 2459 267 2520 Λή.
291 2461 327 2519 ii
352 2464 383 2519 et
406 2461 460 2518 ror
487 2458 515 2515 in
538 2454 576 2530 C,
600 2457 668 2516 itern
691 2454 759 2517 Λή.
781 2460 821 2515 24
848 2455 877 2515 in
900 2456 947 2525 V,
986 2476 1109 2538 priorum
1137 2457 1278 2536 scriptunr
1306 2476 1375 2518 esse

196 2576 251 2637 pro
282 2576 439 2642 equorum.
498 2555 607 2615 Fateor
637 2559 732 2615 tannen
762 2556 916 2614 aelnroriunr
943 2573 989 2615 nte
1011 2555 1039 2615 in
1062 2556 1210 2617 Schultuii
1233 2555 1375 2617 inclinare

198 2657 431 2718 enrendationenr
455 2655 548 2716 Darne
569 2656 734 2728 Anienses,
764 2672 809 2712 se.
832 2671 937 2735 aquae,
965 2657 995 2714 et
1016 2673 1110 2733 paene
1132 2656 1256 2715 credero
1278 2655 1376 2715 Fron-

200 2755 288 2816 tinurn
310 2753 470 2834 reliquisse
493 2753 587 2813 Duue
607 2772 707 2833 uqune
727 2753 886 2813 Anienses.
929 2752 1001 2812 Nnnr
1024 2758 1159 2815 aratensis
1180 2757 1375 2828 atelenensis,

199 2872 274 2934 (purae
298 2853 326 2912 in
350 2850 375 2914 C
400 2849 425 2911 U
448 2855 621 2923 exerantur,
650 2851 721 2910 nihil
749 2850 886 2911 uidentur
913 2870 983 2912 osse
1010 2853 1087 2914 aliud
1117 2873 1201 2935 quant
1227 2857 1374 2926 atriensis,

196 2953 299 3012 enrienr
315 2953 431 3011 ratione
454 2949 502 3009 irie
519 2948 607 3027 paulo
631 2952 863 3029 pessundatum,
885 2970 942 3032 qua
958 2952 1027 3013 Liv.
1043 2951 1159 3013 xxiv.
1178 2959 1195 3013 i
1215 2952 1292 3014 idern
1316 2971 1374 3013 vo-

198 3049 335 3111 oalrniunr
364 3051 481 3109 oniensi
508 3047 537 3106 in
568 3047 742 3109 niernhranis
769 3049 842 3111 abiit
878 3052 906 3110 in
940 3056 1075 3126 oniensi,
1110 3055 1187 3112 teste
1221 3051 1374 3113 Gronouio

195 3148 289 3211 Obss.
312 3147 367 3209 IV.
395 3153 421 3207 1.

244 3251 411 3319 sumuntur)
440 3246 485 3308 lta
506 3242 544 3306 G.
573 3239 606 3305 ln
628 3245 658 3306 V
679 3244 725 3309 0:
746 3255 905 3310 mutantur.
928 3250 956 3310 in
978 3250 1107 3310 ceteris:
1129 3253 1264 3311 sumitur.
1309 3248 1375 3327 Op-

197 3369 265 3428 sop.
288 3348 447 3427 proponite
468 3352 647 3407 mutuantur.
1304 3426 1307 3430 ⁴

247 3446 402 3518 rrtnllibus)
436 3444 482 3508 C:
505 3430 585 3507 lacu
598 3444 679 3508 uttit
703 3491 712 3510 .
736 3489 745 3507 .
769 3491 778 3512 .
801 3490 809 3507 .
833 3457 943 3510 tamen.
986 3445 1013 3509 U
1033 3446 1064 3510 V
1084 3448 1108 3511 i*
1129 3447 1175 3512 0:
1202 3447 1305 3510 mobili
1325 3455 1375 3508 tu-

197 3568 274 3608 men.
295 3547 315 3607 J
336 3554 368 3607 et
387 3560 454 3606 reo:
475 3544 646 3610 mobilibus.
670 3563 743 3626 quus
765 3551 886 3610 secutus
909 3552 956 3610 ost
976 3546 1043 3610 Pol.
1076 3547 1149 3608 Soh.
1172 3549 1259 3608 ruodo
1282 3547 1375 3624 legit:

197 3645 355 3706 inutilibus
376 3654 472 3705 tumen
495 3654 527 3706 et
547 3642 632 3722 eed.;
667 3645 774 3707 modo:
804 3645 922 3729 obliquo
952 3649 1045 3708 motui
1065 3655 1162 3708 tumen
1183 3646 1252 3709 ced.
1281 3646 1377 3726 (‚‚da

200 3745 249 3804 uir
272 3743 344 3805 Uier
365 3745 429 3804 uteru
448 3741 596 3820 subrigen
619 3743 729 3805 Stosse
751 3745 939 3817 weichen“).
962 3745 1125 3807 Emendavi
1136 3744 1287 3814 mollibus.
1310 3745 1375 3807 Λή.

202 3849 256 3904 15;
278 3841 340 3903 ruti
360 3875 401 3884 -
419 3846 541 3924 pinquis
561 3845 649 3923 ripas
670 3843 842 3906 solutiores.

250 3941 367 4020 aufert)
396 3941 432 4000 i':
455 3941 603 4019 aufertur.
626 3975 665 3984 -
687 3943 844 4018 deuereiut)
871 3943 919 4007 V:
942 3941 1114 4005 deveniunt.

249 4059 288 4100 uo
309 4043 427 4110 oanis)
449 4038 496 4100 V:
519 4059 558 4100 ue
570 4045 673 4102 neruis
684 4037 862 4120 tymbribus,
885 4041 942 4104 seul
956 4050 1033 4108 uest.
1056 4043 1096 4104 F:
1118 4063 1158 4104 ue
1167 4043 1282 4122 tepentis
1293 4045 1378 4127 Itym-

203 4138 313 4213 tribus,
334 4137 390 4200 sed
411 4146 488 4199 uest.

252 4253 309 4318 quo
331 4246 417 4316 temp.
439 4273 480 4282 -
502 4241 646 4320 eripitur)
689 4239 771 4301 ndu:
793 4256 852 4322 quo
871 4249 1005 4322 ternpore
1025 4246 1089 4304 exit
1107 4249 1290 4327 pratioreq.
1312 4248 1378 4307 siu-

204 4338 327 4398 ueritus.
364 4336 417 4397 liu
439 4339 478 4398 iis
498 4341 590 4418 ipitur
610 4339 720 4403 ultera.
756 4336 805 4402 (al.
827 4355 893 4400 reo:
925 4341 1044 4416 ulter),
1075 4341 1110 4404 id
1137 4351 1184 4404 est
1209 4344 1290 4406 Anio
1318 4348 1378 4406 eto.

203 4435 281 4497 Tros
302 4439 399 4497 autern
421 4435 507 4500 oodd.
535 4457 593 4521 quo
614 4449 635 4501 t.
657 4442 797 4518 entitur.
818 4456 870 4520 oq.
891 4442 1065 4502 sinceritas.
1089 4441 1236 4522 Euipitur
1251 4452 1284 4505 et
1302 4443 1380 4506 ulter

202 4531 320 4616 quidem
341 4556 380 4598 eu
400 4535 449 4597 iis
472 4539 530 4597 oto.
573 4536 639 4598 Pol.
662 4536 815 4614 vulgavit=
843 4555 900 4619 quo
931 4547 953 4602 t.
982 4543 1045 4601 escit
1072 4549 1152 4622 prot.
1175 4561 1225 4625 aq.
1248 4546 1329 4619 siu,
1350 4549 1381 4604 et
