2978 4988
408 345 1004 471 nnaounnoucrmus.
1300 353 1350 428 oo

66 578 259 655 iudiciis
294 592 461 655 vacent
493 584 697 681 privatis
730 583 1039 682 publicisque.
1063 620 1114 638 ⁶-
1163 583 1248 684 Ap-

66 700 238 795 pnritores
271 707 306 771 et
336 699 546 796 ministeria,
581 700 746 798 quamvis
772 711 980 798 perseveret
1005 701 1118 776 adhuc
1144 726 1248 774 aera·
1347 728 1350 736 ’

65 816 152 887 rium
192 816 226 886 in
265 837 330 888 eos
365 838 535 912 erogare,
576 827 691 890 tamen
724 839 809 890 esse
844 816 1053 890 (iuratorum
1085 817 1247 890 videntur

64 930 209 1003 desisse
237 931 358 1004 inertie
386 954 428 1002 ac
448 933 600 1029 segnitie
621 956 690 1005 non
710 937 889 1031 agsrtium
906 930 1070 1005 officium.
1103 930 1249 1032 Egres-

63 1052 117 1119 sis
151 1058 268 1118 autem
299 1046 434 1122 Urbem
465 1046 644 1121 dumtaxat
677 1048 838 1147 agendae
869 1048 920 1120 rei
952 1071 1061 1120 causa
1088 1046 1248 1124 Senatus

61 1175 206 1261 praesto
237 1186 320 1235 esse
345 1163 489 1236 lictores
514 1168 681 1238 iusserat
730 1164 848 1238 Nobis
875 1165 1169 1238 circumeuntibus
1195 1164 1245 1236 ri·

61 1303 131 1353 vos
166 1275 257 1353 fides
282 1292 402 1352 nostra
430 1291 464 1353 et
490 1280 680 1355 auctoritas
706 1306 727 1354 a
753 1281 920 1379 Principe
947 1279 1026 1353 dats
1051 1305 1115 1378 pro
1141 1281 1245 1354 licto-

60 1395 161 1468 ribus
183 1396 258 1467 erit.

138 1508 232 1586 Cum
252 1510 520 1607 perduxerimus
539 1536 614 1587 rem
635 1513 680 1587 ad
698 1514 834 1587 initium
847 1510 1077 1607 (iuratorum,
1101 1536 1170 1586 non
1192 1522 1248 1584 est
1272 1509 1348 1584 loe

58 1627 211 1700 alienum
240 1627 472 1726 subiungere,
510 1631 569 1728 qui
599 1640 683 1728 post
712 1630 909 1704 Messalam
940 1629 1022 1702 huic
1054 1627 1169 1702 cilicio
1202 1625 1246 1700 ad

56 1948 135 2012 quac
165 1927 365 1992 inconstantia
393 1933 573 2010 potestatem
600 1928 688 1993 nobis
717 1930 881 2010 particulae
909 1930 996 1992 etiam
1019 1928 1076 1991 alio
1098 1930 1168 1990 loco
1192 1931 1242 1990 in-

57 2029 205 2090 serendae
236 2029 389 2108 concedit3
424 2033 482 2091 tum
515 2032 683 2111 supparetur
715 2030 871 2092 levissima
904 2031 1026 2091 mutatio
1056 2034 1122 2106 cst,
1158 2047 1243 2110 quam

54 2129 96 2188 S.
119 2127 155 2192 C.
178 2133 281 2188 natura
302 2127 465 2209 cillagitat3
490 2131 618 2212 denique
641 2141 752 2193 vacent
773 2128 845 2210 [pro
867 2149 926 2211 quo
948 2129 1054 2190 lleinr.
1076 2129 1243 2205 occurent)

55 2229 224 2308 respondet
245 2227 392 2306 superiori
415 2230 524 2292 locent.

100 2332 242 2408 crepare)
266 2326 370 2390 Godd:
393 2339 505 2408 erepet.
528 2329 613 2410 quasi
629 2326 788 2390 Frontinus
804 2326 996 2409 reliquisset:
1018 2306 1154 2406 quamvis
1168 2343 1243 2404 per-

55 2436 234 2490 seueranter
261 2425 363 2489 udlrrc
390 2433 542 2489 oerorinm
570 2429 601 2488 io
627 2447 682 2488 cos
708 2435 820 2508 erepet.
855 2425 998 2487 Fortasse
1027 2428 1122 2483 tamen
1150 2441 1242 2485 sonus

56 2523 279 2609 (perseveret)
303 2527 437 2587 mendum
459 2528 651 2606 provocavit.

100 2637 198 2688 tumere
220 2631 303 2697 ease)
326 2626 410 2689 lidd:
436 2637 535 2687 tomen
557 2630 657 2688 etiam.
679 2645 711 2688 v.
729 2623 856 2688 Annott.

100 2724 233 2797 desisse)
259 2726 341 2787 lldd:
364 2725 503 2786 desiisse.

99 2825 263 2904 Eprescis)
287 2824 332 2885 V:
355 2828 493 2903 Aprem-i.
532 2825 613 2889 lidd:
636 2823 778 2906 Eprccsi.

99 2924 238 3001 apennine
258 2922 326 3003 rei)
352 2925 394 2985 V:
417 2944 493 3002 oper
514 2941 571 2986 nec
592 2928 649 2986 rei.
692 2925 732 2989 F:
755 2933 870 3006 apum:
891 2929 1019 2988 neerei.

97 3023 245 3104 perdor.)
268 3022 298 3083 V
312 3022 331 3083 J
347 3024 388 3085 B:
410 3024 517 3104 procl„
539 3023 685 3103 probante
707 3021 780 3086 Scb.
1104 3033 1106 3036 ’
1276 3038 1323 3087 102

96 3119 306 3204 praefuerint)
330 3123 414 3185 Vl':
434 3122 644 3204 praefuerunt.

101 3221 234 3296 Planco)
256 3221 286 3283 V
303 3225 334 3282 et
351 3222 425 3283 edd:
448 3221 525 3283 Silio
543 3231 575 3282 et
590 3219 718 3284 Plancio
744 3219 917 3303 (Flamin).
943 3221 1055 3283 Verum
1078 3217 1120 3281 Ut
1141 3218 1240 3281 Plano

53 3329 86 3382 et
112 3320 208 3384 Silvo.
246 3317 288 3383 C:
310 3319 448 3382 Plancus
470 3329 498 3382 et
519 3321 628 3384 Silius.
666 3318 759 3383 (loss.
782 3327 867 3383 eraut
888 3321 1050 3383 secundum
1070 3318 1238 3382 Frontinum

55 3440 84 3481 a.
109 3419 145 3481 U.
170 3422 240 3481 764.
663 3415 665 3420 ’

99 3520 132 3581 C.
149 3520 258 3581 Asinio
279 3519 336 3602 P.)
358 3516 442 3582 Edd:
464 3518 504 3581 L.
521 3519 663 3597 Martio,
685 3521 720 3582 0.
735 3521 809 3582 Ant.
835 3518 964 3599 Pighius
985 3519 1039 3591 (Τ.
1051 3516 1107 3582 ΙΙΙ.
1124 3521 1240 3597 psas)

54 3617 93 3679 L.
114 3617 258 3679 Marcium
286 3622 417 3679 sortasse
444 3616 605 3680 Consulem
632 3618 786 3680 suffectum
812 3620 911 3681 luisse
937 3619 1119 3698 suspicatur.
1161 3615 1238 3678 illibi

53 3734 149 3792 vero,
180 3734 243 3778 com
272 3719 301 3778 in
331 3719 425 3780 tribus
453 3717 541 3781 codd.
569 3718 675 3781 lacuna
701 3716 882 3800 relinquatur
910 3717 1075 3800 (varroni
1095 3757 1238 3781 ......

54 3816 273 3892 C.Aetistic),
295 3816 438 3878 Polenum
460 3817 545 3899 sequi
567 3819 661 3880 satius
684 3817 853 3897 ridebatur,
874 3821 925 3901 qui
948 3813 1095 3894 collegam
1117 3834 1157 3877 ex
1178 3815 1239 3877 ra-

54 3916 114 3974 stis
136 3915 302 3995 supplerit.
343 3915 436 3984 Erant
458 3916 549 3981 coss.
572 3936 599 3978 a.
622 3914 659 3979 [l.
677 3921 746 3979 m.

101 4015 213 4076 Tarius
233 4013 351 4095 Rufus)
374 4036 406 4076 v.
429 4017 555 4079 Annuit.

97 4112 224 4188 Servio)
253 4110 296 4175 C:
325 4124 357 4176 et
380 4114 500 4176 Servio.
545 4114 589 4179 Ut
617 4123 649 4178 et
673 4115 794 4198 Scurio.
837 4116 882 4182 V:
910 4126 941 4181 ci
964 4115 1103 4198 Seperio.
1145 4114 1186 4176 l':
1209 4122 1240 4175 et

53 4211 176 4291 Serpio.
218 4213 298 4276 JB:
322 4213 444 4293 Serpio.
485 4214 576 4276 lirant
596 4213 686 4278 Coss.
709 4235 736 4278 a.
758 4214 796 4278 U.
821 4220 891 4280 775.

96 4313 141 4372 1).
151 4309 281 4374 Nerone
297 4318 392 4386 acus}
414 4309 459 4373 Ut
481 4313 628 4377 Cocceius
638 4313 777 4392 Nereae,
801 4316 861 4393 diu,
883 4314 1012 4382 Neruae
1028 4319 1114 4379 cuius
1129 4323 1236 4382 acient.

54 4409 101 4475 V:
123 4409 253 4473 Nereae
273 4415 361 4474 coine
381 4416 514 4474 scientia
533 4417 610 4476 ciris
631 4414 811 4478 illustribus.
843 4418 939 4479 liliam
962 4415 1031 4476 cdd.
1054 4438 1113 4481 om.
1135 4425 1235 4483 etiarn.

54 4507 128 4573 sm.
154 4506 226 4591 (lv.
251 4509 307 4590 ll]
334 4510 427 4573 rerba
447 4513 581 4573 edentia
601 4516 692 4575 etiam
712 4519 789 4578 iuris
810 4514 939 4579 illustris
960 4512 1144 4592 glossatoris
1165 4539 1236 4583 csse

974 4613 1042 4680 Ui
