2978 4988
527 290 942 374 ·FRON'ilNUS

198 525 364 623 spiritus3
405 538 440 599 et
464 550 596 600 causae
623 527 801 624 gravioris
827 527 936 619 coeli,
966 526 1094 622 quibus
1119 527 1212 624 apud
1237 537 1379 602 veteres

198 641 309 720 Urbis
336 642 474 715 infamis
500 654 563 716 aer
589 644 662 739 luit,
691 657 774 716 sunt
798 655 964 717 remotae.

298 753 381 832 Nun
396 760 563 854 praeterit
575 783 642 854 me,
671 758 792 833 deberi
816 761 914 857 uperi
940 783 1054 833 nuvae
1080 760 1295 858 erugationis
1321 782 1382 832 er-

199 872 429 963 ulinatinnem3
457 873 523 947 serl
548 874 636 948 haee
662 898 741 948 euru
767 881 980 952 incremento
1006 874 1291 965 adiunxerimus,
1328 876 1382 947 in·

199 989 313 1086 telligi
339 1001 498 1087 opertet,
538 1014 608 1063 nun
636 1015 720 1065 esse
745 1015 789 1066 ea
814 989 998 1089 ponenda,
1038 996 1109 1065 nisi
1143 1000 1383 1066 consummata

200 1105 289 1178 lueri
313 1116 336 1176 t.

126 1217 175 1292 89
300 1218 420 1316 Ouid,
458 1219 552 1316 qued
576 1246 621 1296 ne
646 1219 713 1296 huc
739 1221 941 1319 diligentiae
966 1223 1155 1321 Principis⁷
1191 1247 1294 1320 quarn
1316 1247 1383 1296 ex-

201 1337 418 1411 actissimam
445 1337 584 1410 civibus
611 1342 689 1410 suis
715 1348 888 1434 praestat,
918 1338 1066 1434 suflicit,
1095 1363 1217 1436 parum
1242 1339 1381 1437 praesi-

118 1571 345 1590 *ιιι-..1-

206 1711 281 1752 cum.
324 1685 404 1749 Sel:
426 1686 484 1749 red
504 1685 594 1749 inne.
616 1686 698 1750 idern
721 1687 815 1749 inira:
858 1705 917 1748 auu
938 1708 1007 1750 οοοο
1027 1687 1292 1770 campanensium,
1323 1691 1383 1749 nisi

208 1810 274 1852 eum
295 1807 381 1850 cuna.
400 1787 508 1866 fuerit.
537 1786 613 1847 exJ
634 1790 667 1848 et
686 1804 766 1863 ren,
794 1788 825 1848 in
852 1787 962 1868 quibus
985 1791 1047 1850 est:
1069 1806 1127 1872 nun
1146 1808 1218 1851 ease
1237 1807 1304 1850 eam
1322 1806 1382 1868 pu-

206 1887 344 1961 acnuam,
365 1890 426 1949 uisi
447 1906 532 1949 eone.
552 1887 658 1966 fauerit.
700 1885 769 1947 Nun
791 1887 880 1947 aliter
895 1886 1008 1962 legitur
1034 1887 1063 1947 in
1085 1885 1193 1964 Paris,
1222 1889 1282 1950 uisi
1304 1886 1383 1967 quud

208 1986 299 2048 habet
322 2004 407 2068 quum
429 2004 514 2046 eune.
543 1985 587 2045 At
604 1985 643 2048 F:
664 2004 723 2046 aun
744 2006 782 2047 eu
802 1986 880 2047 luec
901 1985 1093 2066 apponenda.
1115 1985 1162 2049 V:
1182 2004 1242 2048 nun
1264 2006 1335 2048 esse
1354 1995 1384 2047 et

207 2085 402 2168 apponenda.
426 2087 583 2165 utrumque
605 2097 756 2164 protana
778 2105 847 2147 ease
867 2105 906 2147 eu
926 2085 1121 2168 apponenda.
1144 2085 1276 2147 Verbum
1298 2102 1381 2146 com-

208 2187 339 2266 positum
361 2185 449 2245 etiam
473 2184 502 2243 in
520 2182 615 2245 Paris.
637 2183 772 2261 videtur,
802 2183 870 2245 seii.
893 2184 1105 2267 apponendam
1126 2183 1323 2247 interlineas
1344 2203 1381 2245 m.

207 2305 271 2347 see.
300 2285 451 2362 scriptum.
497 2281 607 2341 iialenr
635 2285 735 2343 autem
760 2301 843 2343 nranu
871 2302 925 2364 pru
951 2283 1048 2362 fuerit
1078 2284 1241 2360 corrigitur
1258 2283 1381 2362 suerint.

207 2385 351 2445 Nimirum
384 2386 537 2443 corrector
563 2379 614 2441 ilie
650 2382 679 2442 in
707 2381 781 2442 lihro
808 2382 930 2443 meliore
959 2384 988 2442 in
1022 2383 1163 2462 praeced.
1185 2383 1303 2444 viderat
1323 2402 1382 2445 non

206 2503 272 2546 eam
292 2481 472 2565 ponentium,
495 2480 550 2542 sed
566 2500 605 2542 eu
624 2481 777 2562 ponenda.
800 2483 901 2563 Atque
923 2478 982 2542 hue
1004 2499 1044 2543 ex
1068 2478 1133 2545 GU
1154 2486 1237 2543 reete
1258 2488 1382 2562 praetu-

204 2583 240 2646 iit
261 2582 329 2645 Pul.

135 2702 169 2753 89
244 2681 338 2771 Quid,
362 2679 458 2763 pund)
481 2677 565 2742 Scir:
592 2679 660 2770 Quo
683 2679 801 2761 quidem
821 2699 879 2741 uec
899 2679 968 2756 luc,
995 2679 1131 2758 „Woiei
1149 2678 1264 2758 jedueir
1287 2679 1383 2742 selbst

203 2783 306 2843 dieses
328 2778 446 2842 nielrt.“
576 2785 580 2791 '

245 2899 284 2942 ne
302 2879 386 2955 leue)
420 2880 443 2942 i.
466 2894 495 2941 e.
517 2896 555 2939 ne
583 2877 644 2939 iroe
665 2877 795 2962 quidem.
823 2896 853 2938 u.
875 2892 931 2939 nus
952 2879 989 2939 ad
1011 2877 1091 2941 Diei.
1115 2877 1197 2941 Cret.
1219 2876 1274 2938 ill.
1295 2882 1326 2938 9.
1348 2897 1380 2958 p.

209 2980 280 3042 126.
324 2979 377 3042 Sie
399 2997 440 3039 ex
462 2979 558 3040 triirus
584 2978 671 3039 codd.
702 2980 733 3038 et
754 2976 868 3038 duabus
890 2976 958 3039 edd.
979 2978 1003 3039 F
1026 2982 1057 3039 et
1077 2977 1097 3038 J
1117 2978 1272 3056 rescripsi.
1313 2975 1380 3040 Pul.

204 3093 246 3138 ex
268 3096 322 3139 sua
342 3078 361 3139 J
383 3080 414 3138 et
435 3095 498 3138 ree.
521 3076 705 3154 vulgaverat
725 3095 782 3137 neu
802 3075 872 3138 lue.
895 3096 926 3139 v.
947 3076 1075 3139 Annuit.

243 3197 352 3261 purum
372 3177 529 3258 praealti.)
550 3164 653 3238 Libii:
679 3175 832 3259 praesidii
858 3195 898 3237 ue
918 3176 1088 3257 voluptatis
1108 3171 1233 3237 nustria.
1261 3179 1381 3255 praeter

204 3277 243 3351 C,
261 3279 291 3337 iu
313 3295 372 3356 quo
395 3280 459 3338 est:
481 3275 636 3357 praesidii
656 3292 697 3337 οο
717 3273 928 3356 vuluptatibus
947 3278 1081 3351 nouerim
1114 3293 1198 3357 quarn
1221 3273 1380 3337 lectionem

202 3377 311 3436 retinet
332 3374 419 3453 Sela,
441 3380 585 3438 vertens:
608 3392 666 3452 „er
684 3373 762 3436 habe
784 3376 887 3452 wenig
908 3391 973 3435 uum
995 3372 1148 3452 Vortheil,
1170 3372 1265 3434 uumai
1288 3390 1381 3436 unse-

201 3494 251 3535 rea
272 3472 438 3550 Behagens
458 3472 637 3550 geleistet.“
691 3473 759 3536 Non
788 3474 904 3535 terente
933 3472 1089 3536 latinitate.
1132 3470 1245 3535 illelius
1279 3471 1380 3535 deletu

199 3594 240 3633 aa
261 3571 398 3650 legeres:
418 3572 528 3654 purum
547 3571 701 3652 praesidii
722 3571 944 3654 vuluptatibus,
973 3574 993 3635 i.
1015 3590 1043 3635 ο.
1060 3586 1166 3651 parum
1188 3573 1379 3633 sustentasse

200 3678 319 3733 nostras
342 3671 525 3752 vuluptates.
570 3670 633 3733 Sed
654 3676 755 3749 recte,
779 3672 905 3751 opinor,
931 3671 999 3735 Pul.
1030 3671 1173 3733 restituit.
1196 3688 1226 3730 v.
1247 3669 1379 3732 Annuit.

199 3770 305 3833 (irnitti
327 3769 459 3833 litterae
480 3787 518 3831 eu
540 3769 661 3832 facilius
682 3771 793 3850 potuit,
816 3773 902 3852 quum
924 3766 1049 3846 iiinarii,
1072 3760 1221 3831 sententia
1247 3786 1307 3831 nen
1329 3769 1379 3832 iu-

197 3869 335 3946 telleeta,
357 3866 530 3949 particulam
548 3888 668 3950 parum,
690 3870 856 3948 genitivum
878 3867 1024 3930 videlieet
1043 3865 1197 3948 postulare
1218 3869 1291 3945 rati,
1313 3887 1379 3930 eun

196 3967 366 4030 eontuliaee
387 3966 625 4044 coniungendam
647 3985 718 4031 esse
733 3968 798 4030 'nun
813 3966 1036 4031 intellexerint.
1071 4004 1076 4011 -

238 4066 374 4140 (atterit)
415 4065 463 4128 lta
485 4064 521 4130 G.
543 4066 653 4134 Recte.
674 4067 759 4154 Quae
779 4066 872 4129 lectio
895 4067 929 4127 in·
947 4058 974 4128 U
994 4064 1190 4146 negligenter
1212 4066 1377 4142 exarando,

197 4165 321 4226 totidem
336 4168 435 4226 tamen
457 4168 585 4231 retentis
605 4165 767 4231 litterarum
790 4159 940 4244 ductilius,
963 4165 1080 4229 transiit
1100 4165 1129 4226 ln
1145 4152 1262 4243 urticat,
1283 4184 1301 4228 e
1318 4182 1377 4248 que

196 4264 305 4323 ‹ieinde
326 4264 434 4325 iactum
456 4265 593 4329 autumat
610 4258 704 4329 libros
725 4266 761 4326 a'd
782 4253 862 4327 hune
883 4265 960 4326 ‹lienr
982 4265 1113 4327 vitiavit.

237 4380 303 4426 eum
323 4365 439 4443 ipsum)
460 4363 506 4426 V:
528 4385 594 4428 aaut
612 4370 747 4446 copiam.
770 4362 846 4428 ludu.
864 4382 921 4427 em.
945 4367 1052 4448 ipsum.

221 4465 405 4543 „per-puae)
419 4463 457 4525 ⁴V
478 4464 501 4526 F
523 4482 582 4528 uma
601 4485 669 4548 per.
