2978 4988
647 336 1053 418 FRON'rlo’US

307 576 436 649 oriatur
467 570 564 648 Anio
603 595 708 670 supra
746 572 899 646 Trebam
932 570 1155 668 Augustam,
1203 594 1269 644 seu
1309 573 1389 667 quia
1423 597 1486 669 per

306 710 460 763 saxosos
492 696 631 760 montes
671 685 840 781 decurrit,
880 689 1004 783 paucis
1042 689 1134 760 circa
1168 689 1284 784 ipsum
1323 685 1485 786 oppidum

305 803 545 879 obiacentibus
571 803 692 896 cultis,
730 826 796 875 seu
824 804 903 898 quia
933 803 1071 877 lacuum
1105 804 1300 896 altitudine,
1335 803 1370 875 in
1396 826 1487 897 quos

306 920 493 1017 excipitur,
521 918 618 991 velut
643 916 860 1011 defaecatur,
888 920 1137 992 imminentium
1153 942 1291 1015 quoque
1308 943 1487 992 nemorum

307 1035 477 1133 opacitate
502 1035 734 1128 inumbratus,
763 1033 1014 1132 frigidissimus
1040 1037 1146 1108 simul
1172 1060 1214 1109 ac
1240 1033 1488 1132 splendidissi-

305 1173 385 1233 mus
409 1172 452 1222 eo
474 1151 643 1246 pervenit.
693 1149 795 1223 Haec
821 1161 893 1222 tam
918 1151 1005 1224 lelix
1028 1154 1225 1250 proprietas
1252 1176 1380 1247 aquae,
1410 1175 1488 1223 om-

306 1266 411 1339 nibus
439 1263 580 1340 dotibus
606 1277 796 1363 aequatura
809 1265 998 1364 Marciam,
1027 1274 1128 1366 copia
1153 1292 1239 1341 vero
1266 1278 1487 1364 superatura,

307 1381 427 1454 veniet
444 1382 608 1456 inlocum
626 1383 793 1458 deformis
807 1382 899 1459 illius
913 1407 955 1456 ac
968 1382 1143 1474 turbidae,
1167 1406 1294 1455 novum
1310 1391 1453 1455 auctore
1475 1413 1480 1447 ι

310 1495 706 1575 IMPERATOREM
747 1497 1046 1578 CAESAREM
1086 1498 1315 1574 NERVAM
1357 1496 1468 1570 'lRA

278 1701 280 1706 .
308 1610 485 1690 IANUM
508 1613 809 1693 AUGUSTUM
834 1615 1098 1715 praescribente
1123 1615 1231 1688 titulo.

238 1725 286 1800 ot
366 1725 552 1827 Sequitur,
581 1741 618 1804 ut
643 1732 854 1828 indicemuS,
882 1730 976 1828 quod
996 1733 1052 1805 ius
1076 1729 1255 1804 ducendae
1271 1727 1484 1823 tuendaequ

312 1843 360 1917 sit
392 1867 525 1940 aquae:
561 1872 707 1943 quorum
741 1850 887 1924 alterum
920 1847 965 1921 ad
994 1845 1210 1921 cohibendos
1240 1847 1326 1919 intra
1351 1844 1458 1919 modu

209 2073 438 2092 fi———u——n

245 2223 279 2278 94
353 2226 693 2314 ducendae—opace)
719 2230 765 2295 lta
787 2229 823 2296 0.
844 2231 878 2294 ln
911 2230 939 2294 U
959 2231 988 2293 V
1008 2229 1041 2292 F.
1065 2234 1096 2291 et
1118 2230 1166 2290 ed.
1188 2231 1283 2309 princ.
1304 2228 1418 2306 legitur
1439 2230 1473 2293 di

314 2326 504 2411 condasque,
527 2330 637 2392 omisso
659 2332 801 2397 tuendae.
834 2333 853 2394 J
870 2336 901 2394 et
914 2348 982 2394 reo:
1006 2329 1165 2392 docendae
1185 2334 1226 2391 sit
1246 2347 1359 2411 aquae,
1388 2356 1401 2384 ι
1426 2356 1489 2387 ιιι,

315 2445 392 2489 curn
413 2427 554 2490 ductuum
573 2430 724 2495 babendo.
758 2431 899 2493 Nimirum
920 2433 951 2493 iu
972 2430 1101 2492 Jocuudi
1125 2447 1241 2510 quoque
1264 2429 1368 2490 codice
1392 2430 1480 2490 deera

313 2525 466 2605 rumdam
487 2533 520 2591 ut
540 2533 638 2591 autern
656 2530 811 2592 Jocundus
832 2529 974 2605 haberet,
996 2529 1034 2590 ad
1055 2546 1130 2610 quos
1152 2546 1282 2610 sequens
1303 2528 1430 2590 alterum
1452 2549 1489 2590 oi

314 2627 451 2706 ipsorum
479 2628 619 2691 ductuum
642 2635 773 2711 pertinet
801 2631 925 2691 tutelam
950 2631 1091 2703 referret,
1120 2626 1170 2687 hic
1191 2628 1284 2688 rerba
1305 2627 1357 2687 illa
1378 2630 1416 2688 de
1437 2650 1487 2689 su·

318 2725 455 2788 inseruit
488 2726 648 2790 Praeterea
669 2732 699 2789 in
721 2729 751 2790 V
764 2730 786 2789 F
800 2733 831 2791 ct
852 2731 899 2789 ed.
921 2748 966 2807 pr.
989 2727 1064 2789 aliae
1087 2729 1188 2788 turbae
1210 2730 1384 2805 moventur,
1407 2730 1489 2808 atqu.

317 2822 371 2885 illa
390 2824 534 2906 Sequitur
554 2837 588 2888 ct
608 2827 776 2889 indicemus
797 2828 879 2910 quod
899 2829 978 2888 inter
998 2827 1091 2886 verba
1112 2828 1288 2889 obmrrm-
1300 2825 1343 2885 od
1362 2830 1450 2906 ipsor
1485 2858 1489 2873 ι

317 2919 519 3000 inculcantur,
542 2925 583 2986 ita
605 2931 637 2986 ut
657 2931 730 3004 post
749 2928 839 2988 titolo
861 2931 1007 3006 pergatur
1028 2931 1078 3008 qai
1095 2926 1246 2988 dicendae
1261 2945 1360 3007 oquae
1374 2944 1450 3006 quor
1464 2952 1489 2977 ιῚῚ

319 3019 456 3082 alternos.
485 3022 670 3085 Vocabulum
692 3030 739 3086 ius
759 3026 788 3086 in
809 3023 858 3086 his
872 3025 965 3086 libris
988 3027 1140 3086 omittitur.
1168 3022 1203 3086 ln
1225 3021 1250 3084 C
1270 3043 1325 3103 pro
1348 3024 1428 3106 qood
1450 3047 1478 3085 ιι

319 3117 433 3196 legitur
454 3139 514 3203 qao
534 3126 592 3185 ius.

362 3217 445 3291 dnm)
471 3219 517 3282 V:
540 3241 615 3286 cam.

360 3319 736 3395 perlatas-observato)
766 3322 813 3383 lta
833 3319 917 3399 CU,
947 3322 1007 3384 nisi
1035 3323 1113 3402 qrrorl
1142 3339 1196 3399 pro
1223 3321 1363 3401 perlatus
1390 3321 1485 3381 haben

323 3420 373 3498 qni
387 3416 462 3479 luto.
494 3419 645 3482 Fortassis
662 3423 755 3499 enim,
777 3441 864 3503 quum
885 3421 1003 3484 relativi
1026 3425 1076 3504 qui
1092 3441 1168 3502 quoe
1185 3421 1268 3502 quod
1288 3439 1375 3480 casus
1398 3438 1489 3480 omne

323 3517 526 3578 scriberentur
550 3518 620 3579 olim
640 3538 696 3598 per
716 3520 843 3583 litteram
866 3540 885 3604 p
905 3520 1002 3602 aliqua
1022 3524 1093 3580 nota
1114 3519 1332 3597 compendiaria
1353 3517 1486 3578 allectam

325 3614 485 3696 eademque
513 3618 606 3679 l'erme
633 3620 749 3682 ratione
777 3639 832 3699 per
859 3620 985 3683 litteram
1010 3640 1032 3701 p
1059 3619 1240 3678 scriberetur
1263 3614 1411 3696 particula
1433 3635 1470 3697 ps

323 3712 399 3775 baec
420 3717 451 3775 lu
473 3720 524 3798 qui
545 3719 751 3781 transformata
772 3722 942 3783 mutationis
964 3721 1053 3796 origo
1076 3719 1142 3777 l‘uit.
1187 3715 1230 3776 At
1257 3717 1288 3776 in
1310 3716 1329 3777 J
1353 3718 1400 3788 (et
1420 3733 1482 3776 rec.

323 3812 453 3890 legitur:
484 3816 567 3894 lepos
589 3816 628 3879 de
647 3819 796 3898 sinpulis,
826 3838 902 3902 quus
923 3820 986 3880 late
1007 3817 1124 3900 quidem
1144 3814 1229 3895 opud
1249 3824 1369 3876 ceteros
1391 3814 1483 3876 obser

323 3921 416 3975 votos
437 3918 547 3990 inveni,
562 3936 671 3979 ¹eoracn
691 3922 872 4001 aequitatem
891 3917 1137 3998 prudentiamque
1153 3913 1337 3976 reticendum
1352 3931 1411 3973 oon
1426 3933 1482 3975 cen

323 4016 382 4079 sni.
411 4031 486 4095 quae
500 4014 604 4093 rerba,
626 4015 912 4079 videlicetJocundi
935 4018 1141 4089 commentum,
1162 4030 1285 4092 prorsus
1300 4015 1483 4091 expungeud

326 4128 398 4173 csse
424 4114 507 4172 ratus
534 4112 593 4188 lui,
621 4133 707 4195 quum
735 4134 831 4198 neque
858 4118 888 4176 in
911 4113 998 4175 codd.
1024 4130 1121 4192 neque
1143 4114 1230 4173 etiem
1256 4111 1286 4171 in
1309 4111 1397 4187 edd,
1425 4130 1475 4192 qu

324 4211 391 4272 Joc.
405 4228 618 4290 praecessere,
640 4212 728 4274 ullum
743 4233 843 4276 eorum
857 4215 1022 4292 reperiatur
1035 4212 1208 4288 vestigium.
1235 4210 1324 4272 Pon.
1352 4208 1401 4271 Vt
1425 4230 1485 4292 pou

325 4309 393 4372 lato
420 4307 553 4392 pandam
577 4311 662 4391 apud
689 4318 830 4396 antiquos
857 4312 921 4372 obs.
963 4310 1003 4373 F:
1032 4331 1108 4392 quos
1136 4311 1221 4372 lutae
1246 4308 1394 4391 quaedam
1420 4328 1489 4391 opu

323 4413 465 4491 antiquos
495 4405 684 4470 observatos.
733 4410 807 4473 Sclr.
832 4408 930 4487 legit:
963 4410 1065 4491 lepos,
1095 4411 1134 4473 ue
1160 4409 1288 4490 stupetis
1316 4429 1393 4490 quoe
1420 4409 1485 4470 latu

322 4519 407 4586 suat,
428 4503 538 4591 quaed.
