2978 4988
544 283 868 367 PRAEFATIO.
1195 288 1342 369 xxm

65 541 292 619 haeredes
330 538 537 638 Philippi
574 536 756 613 Juntae.
811 533 920 634 [12).
991 535 1033 609 Iu
1079 525 1146 609 hac
1191 534 1343 615 editione

62 676 208 775 epistola
234 672 400 771 Jocuudi,
430 695 538 769 supra
564 696 584 744 a
610 671 714 744 nobis
740 670 859 762 relata,
888 667 1125 744 desideratur:
1153 678 1188 744 ut
1214 681 1343 767 errata,·

63 828 151 905 quae
178 809 212 880 iu
238 831 280 881 ea
307 805 362 880 ed.
388 803 434 879 ad
458 804 591 877 calcem
618 812 716 877 erant
749 807 935 898 recensita,
975 801 1010 874 in
1043 798 1109 874 hac
1142 803 1219 876 suis
1254 803 1345 878 locis

62 942 159 1014 luere
199 937 392 1013 emendata.
447 934 557 1011 Auno
582 945 665 1034 post
701 934 789 1008 hauc
828 933 902 1031 [-
925 936 1153 1032 transscripsi
1179 935 1267 1010 haec
1299 954 1346 1012 ex

62 1073 185 1147 Poleni
212 1070 359 1168 Proleg.
385 1095 418 1169 p.
443 1066 494 1142 23
517 1067 593 1166 μ--)
637 1068 703 1141 alia
737 1067 862 1140 iterum
895 1064 998 1139 editio
1031 1067 1189 1142 Frontini
1222 1078 1347 1146 secuta

63 1213 127 1300 est,
165 1192 292 1298 ex'ea,
329 1198 374 1274 de
400 1223 478 1297 qua·
492 1199 671 1297 posterius
698 1198 861 1292 diximus,
897 1197 1084 1296 descripte,
1121 1201 1177 1274 cui
1202 1203 1346 1277 titulusr

61 1337 109 1409 Μ.
130 1334 294 1408 'Vitruvii
333 1330 378 1407 de
413 1331 664 1408 Architectura
700 1331 780 1406 libri
819 1330 952 1425 decem,
993 1355 1130 1405 summa
1168 1333 1348 1433 diligentia

64 1467 234 1564 recogniti
259 1477 364 1563 atque
398 1464 533 1541 excusi.
584 1463 677 1541 Cum
704 1464 876 1539 nonnullis
902 1462 1028 1561 figuris
1054 1465 1121 1540 sub
1147 1465 1215 1540 hoc
1241 1468 1349 1566 signo

62 1601 198 1698 positia,
240 1622 415 1696 nunquam
447 1608 549 1672 antea
582 1599 777 1696 expressis,
829 1595 974 1672 Additis
999 1598 1086 1672 Julii
1110 1599 1269 1673 Frontini
1302 1599 1349 1674 da‘

64 1730 366 1830 Aquaeductibus'·
386 1730 496 1827 libris,
524 1740 667 1829 propter
690 1729 856 1804 materiae
882 1728 1093 1804 affinitatem.
1136 1730 1212 1807 An.
1237 1729 1348 1808 1523.-

64 1863 172 1962 (12).
203 1862 314 1942 Sine
340 1862 409 1938 loci
440 1873 476 1937 et
511 1852 722 1963 typographi
759 1862 906 1937 indicio:
946 1887 992 1940 ex
1033 1874 1196 1965 typorum
1232 1873 1351 1940 tamen

64 1995 280 2096 figurahaec
295 2005 436 2093 quoque
463 1994 1054 2071 edFlorentinaessevidetur.
1104 1997 1210 2072 Duae
1223 2006 1350 2096 poste*

66 2131 180 2204 riores
208 2127 380 2203 editiones
405 2151 520 2225 neque
545 2127 634 2202 inter
659 2150 701 2202 se
726 2139 808 2201 suut
833 2126 1008 2225 diversae,
1034 2152 1149 2226 neque
1175 2131 1280 2205 etiam
1304 2129 1352 2207 alt

62 2264 151 2337 Joc:
177 2261 340 2357 editione,
381 2284 472 2357 quae
505 2261 695 2359 separatim
725 2282 863 2335 excusa
894 2271 961 2358 est,
1001 2260 1171 2336 dilieruut.
1226 2258 1352 2361 Atqud

65 2419 177 2470 uriam⁴
194 2416 244 2468 ex
267 2391 323 2467 his
350 2381 570 2490 editionibus,
598 2393 677 2466 sive
702 2392 894 2466 secundam
923 2394 1003 2467 sive
1026 2395 1173 2490 tertium,
1202 2403 1354 2468 secutus

65 2539 119 2601 est
143 2527 317 2623 Polenus,
356 2527 392 2600 in
417 2549 484 2623 qua
512 2525 567 2600 hic
592 2525 649 2599 vir
674 2522 799 2600 doctus
826 2548 936 2625 saepe
961 2523 1118 2623 eandem,
1159 2527 1264 2600 irnmo
1289 2527 1350 2602 vel

63 2662 231 2735 maiorem
268 2658 431 2733 fiduciam
468 2657 574 2756 ponit,
628 2681 732 2755 quam
770 2658 805 2731 in
844 2660 923 2757 ipso
962 2658 1084 2734 codice
1124 2656 1350 2738 Cassinensi

64 2794 187 2867 lllultis
214 2792 368 2866 numeris
395 2791 539 2865 diversa
564 2802 621 2866 est
646 2817 667 2865 a
692 2793 997 2890 praestantissima
1022 2792 1174 2866 editione
1195 2792 1352 2868 Jocundi

64 2926 185 3023 prima,
226 2948 317 3021 quae
350 2923 520 2998 succedat
550 2924 654 2999 nobis
688 2925 722 2997 in
756 2925 873 3000 locum
906 2925 1039 2999 codicis
1066 2927 1207 3024 antiqui,
1248 2921 1353 3001 cuius

63 3059 252 3131 Parisinus
287 3067 343 3131 est
376 3057 627 3156 apographum,
668 3080 828 3155 quaeque
860 3056 906 3131 de
937 3057 1031 3133 illius
1059 3059 1192 3134 codicis
1217 3061 1354 3136 iactura

66 3189 322 3288 quodammodo
347 3214 414 3265 nos
441 3190 653 3264 consoletur.

162 3323 225 3399 Ex
250 3323 399 3399 editione
424 3322 589 3418 Jocuudi,
630 3346 699 3420 qua
723 3323 882 3398 Polenus
908 3349 998 3398 usus
1026 3334 1092 3421 ast,
1132 3324 1353 3423 posteriores

66 3455 234 3554 deinceps
273 3455 444 3531 editiones
481 3457 649 3554 repetitae
687 3467 780 3554 sunt,
826 3458 950 3556 paucis
990 3457 1141 3537 mutatis,
1193 3455 1355 3550 Quarum

66 3589 175 3686 prirno
203 3587 283 3662 loco
309 3588 469 3687 ponenda
495 3602 561 3682 est,
590 3611 681 3685 quae
707 3591 901 3664 continetur
926 3590 1035 3664 libro:
1075 3593 1356 3690 Fragmenta

66 3722 504 3795 vetustissimorum
538 3736 774 3795 auctorum
799 3745 965 3797 summo
991 3721 1146 3805 studio
1173 3750 1223 3798 ac
1248 3723 1356 3798 dili·-¹

65 3852 223 3949 gentia
244 3877 358 3931 nunc
379 3855 635 3952 recognita.
685 3854 906 3929 Basileae
934 3855 1132 3931 ans1530.
1159 3855 1356 3956 apudJo.

66 3986 318 4061 Beheliurn.
380 3986 422 4060 In
460 4010 531 4083 quo
555 3987 747 4062 Frontinus
790 3988 1009 4064 inscribitur:
1063 3989 1203 4068 Sexti
1241 3990 1359 4065 Julii

67 4118 281 4193 Frontini
307 4120 399 4193 viri
424 4118 706 4196 Consularis
732 4120 786 4195 de
809 4122 1200 4218 Aquaeductibus
1224 4123 1356 4197 urhis

68 4251 235 4326 Romae
273 4252 348 4327 lib.
386 4251 435 4326 ΙΙ.
485 4251 527 4326 ln
552 4252 779 4328 Praelatione
818 4253 862 4328 ad
900 4254 1076 4329 lectorern
1100 4256 1271 4332 Bebelius
1311 4253 1356 4330 de

69 4385 170 4457 uineis
197 4382 389 4483 depravato
415 4385 574 4460 Frontini
600 4386 717 4461 libello
744 4390 900 4483 queritur
925 4388 991 4462 ita:
1034 4383 1191 4481 ,Anuixi
1217 4410 1354 4484 sumus,

70 4527 233 4613 wantum
260 4543 325 4618 per
349 4519 401 4594 rei
426 4527 499 4595 tum
533 4517 780 4618 difficultatem,
820 4533 893 4596 turn
926 4522 1095 4621 temporis
1120 4521 1358 4622 longinquita-
