2978 4988
535 355 944 439 FRON'HNUS

195 600 356 695 quibus
389 596 640 670 attributae
673 603 850 684 essent,
881 588 926 681 0.
948 589 996 664 I).
1016 587 1063 663 Ε.
1079 587 1125 660 R.
1146 587 1190 660 F.
1207 587 1251 661 P.
1269 585 1317 657 l).
1335 583 1381 660 ld.

193 713 354 791 R.J.G.
393 714 467 790 Uti
492 713 550 785 iis
577 733 716 805 usque
743 722 944 781 maneret
970 705 1212 778 attributio
1239 727 1378 799 aqua-

194 858 301 925 rum,
338 830 545 926 exceptis
579 850 690 922 quae
723 832 766 898 in
792 848 916 896 usum
941 822 1194 895 balnearum
1222 828 1380 891 essent

196 949 325 1022 datae
365 957 437 1019 aut
473 942 676 1040 Augusti
715 946 908 1032 nomine⁷
950 936 1092 1033 quoad
1129 934 1269 1007 iidem
1301 932 1380 1007 dir·

196 1070 302 1137 mini
328 1054 626 1160 possiderent
652 1057 695 1130 id
720 1057 881 1150 solum,
917 1061 957 1127 in
984 1077 1066 1152 quo
1093 1052 1381 1149 accepissent

194 1207 214 1252 a
253 1204 360 1252 uam.

95 1295 168 1370 109
225 1205 364 1372 qCum
393 1317 524 1366 vacare
551 1292 688 1387 aliquae
715 1298 906 1386 coeperunt
932 1310 1063 1381 aquae,
1098 1284 1318 1357 annuntiatur
1344 1293 1382 1357 et

193 1419 226 1485 in
259 1415 529 1486 commentarios
557 1406 745 1504 redigitur,
783 1409 842 1500 qui
868 1403 1117 1501 respiciuntur,
1152 1412 1192 1474 ut
1217 1398 1378 1496 petitori-

90 1616 332 1632 oe-n———n-

191 1743 303 1805 'l'anren
322 1742 395 1807 Scir.
412 1743 505 1820 legit:
527 1743 655 1803 innatos
677 1745 776 1814 (anter
788 1741 852 1800 dem
864 1736 946 1802 Tite}
964 1739 1018 1799 des
1032 1731 1227 1816 Schtpicns).
1259 1734 1383 1797 Diserte

190 1843 233 1903 Vt
257 1854 413 1923 aepactae.
437 1848 467 1902 et
489 1842 556 1904 eod.
580 1859 682 1904 omnes
703 1843 844 1920 Auprrsti.

232 1941 266 2001 id
285 1941 397 2013 solnm]
420 1940 465 2002 Vx
488 1961 508 2002 e
528 1941 588 2002 sol.
632 1943 655 2003 F
670 1943 705 2001 J:
728 1940 771 2001 nd
790 1940 849 2002 sol·

231 2044 262 2101 in
283 2046 359 2120 quo)
388 2040 463 2101 Scir.
486 2047 518 2103 et
538 2040 642 2103 Heinr.
664 2044 888 2120 proponentia
910 2037 1001 2122 qnod.

233 2139 374 2221 aliquae)
397 2137 482 2203 CUt
504 2142 655 2221 aliaeque.

231 2232 411 2321 coeperunt)
434 2240 479 2301 V:
504 2245 648 2322 ceperint.
692 2238 770 2301 Scir:
793 2242 957 2320 coeperint.

229 2336 368 2419 arenant.)
407 2339 437 2400 V
458 2340 495 2400 F:
527 2340 650 2402 otnant.
694 2338 801 2414 Pergit
831 2337 877 2398 V·-
905 2341 936 2398 in
965 2356 1040 2398 eom.
1070 2355 1128 2397 om.
1155 2346 1195 2399 et.
1236 2335 1319 2395 udat
1348 2338 1378 2395 in

191 2444 489 2524 eornnrenrnrtosqne.
1156 2498 1158 2502 .

231 2538 508 2612 interciderent.
531 2558 582 2618 pr,
605 2537 808 2599 introducere.
849 2537 884 2598 J:
906 2536 1098 2598 interdicere.
1130 2534 1268 2596 Praestat
1289 2533 1376 2593 codd.

189 2636 300 2713 lectio,
329 2658 414 2720 qnam
443 2637 514 2697 mihi
543 2637 594 2699 ille
623 2640 732 2698 tantum
760 2637 875 2698 dubiam
905 2636 1034 2713 iaceret,
1063 2635 1112 2715 qui
1141 2633 1246 2709 legere
1273 2631 1375 2693 mallet

189 2740 380 2818 intercipere.
408 2736 497 2797 POL.
526 2737 621 2799 Etiam
644 2737 708 2798 VB
730 2741 761 2798 et
782 2734 819 2796 al.
843 2752 910 2804 rec2
931 2734 1125 2797 interdicere.
1169 2730 1251 2796 FO:
1275 2734 1374 2792 iatro-

188 2834 310 2897 ‹incere
354 2833 426 2897 Scir.
448 2838 501 2896 tci'.
524 2835 577 2896 JV.
598 2840 612 2896 l
633 2836 693 2896 tin.)
715 2835 813 2911 legit:
836 2834 906 2895 Hos
927 2837 1049 2915 epiterii
1069 2837 1172 2894 atatim
1193 2830 1376 2892 interdicere

187 2933 337 2994 mbbnru.
380 2935 513 3015 Apamia·
545 2936 697 3009 correxit,
730 2939 762 2993 ut
793 2932 933 3011 baberet,
967 2952 1024 3017 qno
1055 2934 1182 2994 referret
1208 2930 1371 3007 cobbart&

187 3051 349 3114 quanquam
371 3037 491 3094 vertere
512 3037 632 3110 poterat
655 3050 744 3110 „aaran
767 3032 916 3111 piicgte“.
961 3030 1009 3095 Gi.
1032 3032 1162 3093 Annott.

229 3132 325 3192 medio
349 3138 455 3213 temp.)
479 3132 532 3192 Fd.
555 3152 605 3212 pr:
628 3132 716 3192 rande
739 3143 768 3192 et
788 3142 878 3212 temp.
910 3131 953 3195 F:
975 3133 1063 3194 modo
1086 3142 1173 3213 temp.

229 3232 273 3294 αἱ.
296 3235 394 3293 ctione.
426 3232 515 3292 Ilum.
537 3234 646 3293 riserat
680 3228 793 3309 Codri,
830 3232 877 3292 cd.
904 3250 950 3310 pr.
978 3237 1008 3293 et
1035 3231 1082 3291 ed.
1110 3235 1172 3292 vet.
1215 3230 1373 3312 0psopoei

188 3332 323 3412 aliaeque
346 3337 415 3392 ante
436 3331 454 3391 J
462 3347 472 3393 ι
495 3331 538 3391 ni.
551 3335 649 3391 etiarn.
675 3331 766 3392 Ham.
789 3335 878 3391 etiarn
899 3335 1005 3392 vienna.
1035 3329 1164 3391 Secutus
1183 3352 1245 3391 sum
1265 3329 1372 3410 (ipso-

187 3451 313 3509 pocnm‚
341 3431 423 3510 prius
445 3435 535 3492 etiem
555 3431 748 3508 retinentem,
776 3433 930 3509 posterius
954 3429 1112 3491 delentem.
1154 3431 1298 3492 Dubitari
1322 3435 1372 3493 ta-

185 3548 270 3608 mon,
303 3549 369 3589 num
397 3531 568 3592 Hemoniae
595 3539 692 3590 enatem
724 3534 808 3591 osset
837 3530 1061 3590 restituendum.
1104 3528 1259 3591 Jocnndus
1287 3532 1372 3609 prins

185 3633 275 3690 etiarn
298 3628 422 3690 delevit.
466 3609 556 3691 POL.
599 3626 696 3688 Codri.
719 3631 881 3690 assentitur
908 3629 941 3692 F.
982 3629 1142 3689 Editioncs
1163 3633 1233 3708 post
1254 3629 1289 3689 J:
1317 3637 1374 3689 met

187 3729 271 3787 titiis.
299 3728 388 3789 Ham.
412 3733 511 3792 etiem.
540 3746 618 3809 quam¹
636 3733 833 3808 transponere
853 3728 954 3808 piacet
975 3728 1030 3790 ita:
1054 3731 1144 3788 etium
1166 3729 1249 3789 aliie.
1277 3727 1370 3791 Ham.

184 3837 290 3889 cratera.
319 3827 420 3909 Atque
445 3846 508 3888 cum
532 3827 560 3887 in
576 3827 595 3888 J
613 3830 793 3907 exprimatur
807 3827 977 3888 Hemoniae
991 3824 1025 3890 ‘et
1044 3829 1081 3898 (i.
1095 3846 1123 3887 e.
1142 3829 1257 3905 etiam),
1280 3826 1368 3903 Seu,

186 3931 377 4004 pernrutatum
400 3926 458 3987 hoc
481 3947 544 3988 cum
566 3917 600 3989 dt
622 3929 660 4006 (i.
679 3945 706 3988 e.
729 3937 843 4001 antem)
868 3927 1022 4006 iudicans,
1045 3927 1180 4006 reposuit
1201 3927 1371 3989 Hemoniae

187 4036 292 4087 mrtem.

227 4120 356 4204 dierum]
380 4142 438 4185 om.
462 4126 490 4186 in
515 4124 540 4187 U
554 4128 595 4189 V.

228 4226 437 4305 disperarent)
462 4225 487 4289 C
511 4225 552 4292 U:
573 4231 748 4308 pertineret.
770 4230 824 4290 De
843 4247 934 4310 aqna.
957 4228 987 4289 V
1008 4228 1049 4291 F:
1069 4230 1203 4308 pertinet
1222 4225 1261 4287 de
1276 4244 1369 4307 aprio.

183 4326 327 4386 baironam
357 4321 406 4384 hic
436 4346 527 4402 esse,
551 4335 712 4389 senscrunt
734 4327 932 4391 vetustissimi
957 4328 1106 4390 editores:
1145 4346 1228 4408 quam
1256 4326 1370 4405 primos

185 4425 322 4503 explevit
344 4423 493 4486 locundus
515 4430 577 4492 sic:
597 4433 770 4510 pertineret,
793 4431 967 4506 irripereat.
992 4427 1115 4491 Corrad.
1139 4425 1253 4488 etSch.
1277 4442 1371 4503 repo-

181 4528 254 4586 nunt
271 4525 481 4605 providerent,
504 4525 607 4589 Heinr.
627 4537 774 4612 peterent.
797 4546 829 4587 r.
852 4527 977 4592 Annott
