<?xml version="1.0" encoding="UTF-8"?>
<!DOCTYPE html PUBLIC "-//W3C//DTD XHTML 1.0 Transitional//EN"
    "http://www.w3.org/TR/xhtml1/DTD/xhtml1-transitional.dtd">
<html xmlns="http://www.w3.org/1999/xhtml" xml:lang="en" lang="en">
 <head>
  <title>
</title>
<meta http-equiv="Content-Type" content="text/html;charset=utf-8" />
  <meta name='ocr-system' content='tesseract 3.04.00' />
  <meta name='ocr-capabilities' content='ocr_page ocr_carea ocr_par ocr_line ocrx_word'/>
</head>
<body>
  <div class='ocr_page' id='page_1' title='image "./sexjuliifrontin01dedegoog_0275.png"; bbox 0 0 2978 4988; ppageno 0'>
   <div class='ocr_carea' id='block_1_1' title="bbox 94 263 958 389">
    <p class='ocr_par' dir='ltr' id='par_1_1' title="bbox 94 263 958 389">
     <span class='ocr_line' id='line_1_1' title="bbox 94 263 958 389; baseline 0.001 -7"><span class='ocrx_word' id='word_1_1' title='bbox 94 263 172 382; x_wconf 76' lang='lat' dir='ltr'><strong>aaa</strong></span> <span class='ocrx_word' id='word_1_2' title='bbox 517 308 958 389; x_wconf 61' lang='lat' dir='ltr'><strong>ammonennromns.</strong></span> 
     </span>
    </p>
   </div>
   <div class='ocr_carea' id='block_1_2' title="bbox 97 539 1387 4572">
    <p class='ocr_par' dir='ltr' id='par_1_2' title="bbox 97 539 1378 724">
     <span class='ocr_line' id='line_1_2' title="bbox 97 539 1378 628; baseline -0.002 -23"><span class='ocrx_word' id='word_1_3' title='bbox 97 546 191 625; x_wconf 83' lang='lat' dir='ltr'><strong>prima</strong></span> <span class='ocrx_word' id='word_1_4' title='bbox 227 546 401 624; x_wconf 75' lang='lat' dir='ltr'><strong>suffragium</strong></span> <span class='ocrx_word' id='word_1_5' title='bbox 436 545 552 606; x_wconf 81' lang='lat' dir='ltr'><strong>ferebat</strong></span> <span class='ocrx_word' id='word_1_6' title='bbox 581 548 701 628; x_wconf 86' lang='lat' dir='ltr'><strong>eratque</strong></span> <span class='ocrx_word' id='word_1_7' title='bbox 740 545 963 624; x_wconf 77' lang='lat' dir='ltr'><strong>praerogativa.</strong></span> <span class='ocrx_word' id='word_1_8' title='bbox 1006 545 1070 607; x_wconf 78' lang='lat' dir='ltr'><strong>lies</strong></span> <span class='ocrx_word' id='word_1_9' title='bbox 1099 545 1178 603; x_wconf 88' lang='lat' dir='ltr'><strong>uota.</strong></span> <span class='ocrx_word' id='word_1_10' title='bbox 1223 539 1270 605; x_wconf 86' lang='lat' dir='ltr'><strong>Ci.</strong></span> <span class='ocrx_word' id='word_1_11' title='bbox 1300 541 1378 604; x_wconf 84' lang='lat' dir='ltr'><strong>Gro-</strong></span> 
     </span>
     <span class='ocr_line' id='line_1_3' title="bbox 98 657 274 724; baseline -0.017 0"><span class='ocrx_word' id='word_1_12' title='bbox 98 680 170 724; x_wconf 79' lang='lat' dir='ltr'><strong>nov.</strong></span> <span class='ocrx_word' id='word_1_13' title='bbox 197 657 217 723; x_wconf 95' lang='grc'><strong>1.</strong></span> <span class='ocrx_word' id='word_1_14' title='bbox 248 679 274 721; x_wconf 91' lang='lat' dir='ltr'><strong>c.</strong></span> 
     </span>
    </p>

    <p class='ocr_par' dir='ltr' id='par_1_3' title="bbox 97 771 1379 2013">
     <span class='ocr_line' id='line_1_4' title="bbox 179 771 1377 855; baseline -0.008 -14"><span class='ocrx_word' id='word_1_15' title='bbox 179 777 244 841; x_wconf 80' lang='lat' dir='ltr'><strong>Pro</strong></span> <span class='ocrx_word' id='word_1_16' title='bbox 267 776 345 838; x_wconf 80' lang='lat' dir='ltr'><strong>tribe</strong></span> <span class='ocrx_word' id='word_1_17' title='bbox 366 777 438 838; x_wconf 81' lang='lat' dir='ltr'><strong>Sex.</strong></span> <span class='ocrx_word' id='word_1_18' title='bbox 461 776 500 839; x_wconf 81' lang='lat' dir='ltr'><strong>L.</strong></span> <span class='ocrx_word' id='word_1_19' title='bbox 523 776 559 838; x_wconf 82' lang='lat' dir='ltr'><strong>F.</strong></span> <span class='ocrx_word' id='word_1_20' title='bbox 587 771 714 855; x_wconf 76' lang='lat' dir='ltr'><strong>Verre.)</strong></span> <span class='ocrx_word' id='word_1_21' title='bbox 736 777 926 839; x_wconf 77' lang='lat' dir='ltr'><strong>Ponendum:</strong></span> <span class='ocrx_word' id='word_1_22' title='bbox 948 778 1013 839; x_wconf 77' lang='lat' dir='ltr'><strong>Sex</strong></span> <span class='ocrx_word' id='word_1_23' title='bbox 1030 822 1038 840; x_wconf 85' lang='lat'><strong>.</strong></span> <span class='ocrx_word' id='word_1_24' title='bbox 1057 820 1065 836; x_wconf 96' lang='lat'><strong>.</strong></span> <span class='ocrx_word' id='word_1_25' title='bbox 1085 819 1120 836; x_wconf 92' lang='lat'><strong>..</strong></span> <span class='ocrx_word' id='word_1_26' title='bbox 1143 776 1242 836; x_wconf 82' lang='lat' dir='ltr'><strong>Deest</strong></span> <span class='ocrx_word' id='word_1_27' title='bbox 1263 791 1377 834; x_wconf 90' lang='lat' dir='ltr'><strong>nomen.</strong></span> 
     </span>
     <span class='ocr_line' id='line_1_5' title="bbox 98 890 1377 983; baseline -0.005 -29"><span class='ocrx_word' id='word_1_28' title='bbox 98 894 173 955; x_wconf 86' lang='lat' dir='ltr'><strong>Post</strong></span> <span class='ocrx_word' id='word_1_29' title='bbox 198 892 392 983; x_wconf 42' lang='lat' dir='ltr'><strong>Varro&#39;adde</strong></span> <span class='ocrx_word' id='word_1_30' title='bbox 412 896 527 975; x_wconf 81' lang='lat' dir='ltr'><strong>primns</strong></span> <span class='ocrx_word' id='word_1_31' title='bbox 549 896 651 954; x_wconf 79' lang='lat' dir='ltr'><strong>scivit.</strong></span> <span class='ocrx_word' id='word_1_32' title='bbox 679 913 711 953; x_wconf 83' lang='lat' dir='ltr'><strong>v.</strong></span> <span class='ocrx_word' id='word_1_33' title='bbox 735 891 869 955; x_wconf 82' lang='lat' dir='ltr'><strong>Gronov.</strong></span> <span class='ocrx_word' id='word_1_34' title='bbox 892 892 911 953; x_wconf 95' lang='lat' dir='ltr'><strong>l.</strong></span> <span class='ocrx_word' id='word_1_35' title='bbox 936 913 963 954; x_wconf 89' lang='lat' dir='ltr'><strong>c.</strong></span> <span class='ocrx_word' id='word_1_36' title='bbox 1008 894 1067 981; x_wconf 78' lang='lat' dir='ltr'><strong>Qui</strong></span> <span class='ocrx_word' id='word_1_37' title='bbox 1088 895 1200 972; x_wconf 88' lang='lat' dir='ltr'><strong>primus</strong></span> <span class='ocrx_word' id='word_1_38' title='bbox 1223 890 1377 966; x_wconf 74' lang='lat' dir='ltr'><strong>scisceret,</strong></span> 
     </span>
     <span class='ocr_line' id='line_1_6' title="bbox 99 1003 1377 1091; baseline -0.006 -21"><span class='ocrx_word' id='word_1_39' title='bbox 99 1008 292 1087; x_wconf 72' lang='lat' dir='ltr'><strong>deligebatur</strong></span> <span class='ocrx_word' id='word_1_40' title='bbox 319 1027 358 1069; x_wconf 86' lang='lat' dir='ltr'><strong>ex</strong></span> <span class='ocrx_word' id='word_1_41' title='bbox 387 1009 462 1069; x_wconf 92' lang='lat' dir='ltr'><strong>tribu</strong></span> <span class='ocrx_word' id='word_1_42' title='bbox 486 1010 700 1087; x_wconf 82' lang='lat' dir='ltr'><strong>praerogativa</strong></span> <span class='ocrx_word' id='word_1_43' title='bbox 720 1009 757 1070; x_wconf 92' lang='lat' dir='ltr'><strong>ab</strong></span> <span class='ocrx_word' id='word_1_44' title='bbox 779 1027 816 1071; x_wconf 93' lang='lat' dir='ltr'><strong>eo</strong></span> <span class='ocrx_word' id='word_1_45' title='bbox 846 1010 895 1091; x_wconf 91' lang='lat' dir='ltr'><strong>qui</strong></span> <span class='ocrx_word' id='word_1_46' title='bbox 917 1008 1018 1086; x_wconf 80' lang='lat' dir='ltr'><strong>legem</strong></span> <span class='ocrx_word' id='word_1_47' title='bbox 1039 1007 1166 1070; x_wconf 89' lang='lat' dir='ltr'><strong>serebat.</strong></span> <span class='ocrx_word' id='word_1_48' title='bbox 1211 1003 1260 1066; x_wconf 87' lang='lat' dir='ltr'><strong>Cl.</strong></span> <span class='ocrx_word' id='word_1_49' title='bbox 1284 1007 1377 1083; x_wconf 91' lang='lat' dir='ltr'><strong>intpp.</strong></span> 
     </span>
     <span class='ocr_line' id='line_1_7' title="bbox 99 1119 1379 1203; baseline -0.004 -17"><span class='ocrx_word' id='word_1_50' title='bbox 99 1122 165 1186; x_wconf 81' lang='lat' dir='ltr'><strong>Cic.</strong></span> <span class='ocrx_word' id='word_1_51' title='bbox 196 1124 373 1187; x_wconf 88' lang='lat' dir='ltr'><strong>Plancianae</strong></span> <span class='ocrx_word' id='word_1_52' title='bbox 401 1144 427 1187; x_wconf 91' lang='lat' dir='ltr'><strong>e.</strong></span> <span class='ocrx_word' id='word_1_53' title='bbox 452 1129 500 1186; x_wconf 83' lang='lat' dir='ltr'><strong>ll.</strong></span> <span class='ocrx_word' id='word_1_54' title='bbox 534 1123 671 1186; x_wconf 83' lang='lat' dir='ltr'><strong>HEINR.</strong></span> <span class='ocrx_word' id='word_1_55' title='bbox 715 1124 767 1186; x_wconf 89' lang='lat' dir='ltr'><strong>Sic</strong></span> <span class='ocrx_word' id='word_1_56' title='bbox 794 1126 880 1203; x_wconf 92' lang='lat' dir='ltr'><strong>ponit</strong></span> <span class='ocrx_word' id='word_1_57' title='bbox 905 1124 1031 1203; x_wconf 89' lang='lat' dir='ltr'><strong>lleinr.‚</strong></span> <span class='ocrx_word' id='word_1_58' title='bbox 1060 1126 1182 1185; x_wconf 90' lang='lat' dir='ltr'><strong>auctore</strong></span> <span class='ocrx_word' id='word_1_59' title='bbox 1213 1119 1379 1182; x_wconf 86' lang='lat' dir='ltr'><strong>Gronovio.</strong></span> 
     </span>
     <span class='ocr_line' id='line_1_8' title="bbox 98 1234 1377 1323; baseline -0.005 -22"><span class='ocrx_word' id='word_1_60' title='bbox 98 1240 191 1302; x_wconf 91' lang='lat' dir='ltr'><strong>Plena</strong></span> <span class='ocrx_word' id='word_1_61' title='bbox 211 1241 338 1302; x_wconf 81' lang='lat' dir='ltr'><strong>formula</strong></span> <span class='ocrx_word' id='word_1_62' title='bbox 360 1244 425 1303; x_wconf 86' lang='lat' dir='ltr'><strong>est:</strong></span> <span class='ocrx_word' id='word_1_63' title='bbox 448 1241 511 1302; x_wconf 89' lang='lat' dir='ltr'><strong>Pro</strong></span> <span class='ocrx_word' id='word_1_64' title='bbox 535 1239 614 1302; x_wconf 77' lang='lat' dir='ltr'><strong>triba</strong></span> <span class='ocrx_word' id='word_1_65' title='bbox 634 1239 708 1301; x_wconf 77' lang='lat' dir='ltr'><strong>Ser.</strong></span> <span class='ocrx_word' id='word_1_66' title='bbox 730 1240 770 1301; x_wconf 80' lang='lat' dir='ltr'><strong>L.</strong></span> <span class='ocrx_word' id='word_1_67' title='bbox 793 1241 831 1303; x_wconf 81' lang='lat' dir='ltr'><strong>F.</strong></span> <span class='ocrx_word' id='word_1_68' title='bbox 860 1240 958 1302; x_wconf 85' lang='lat' dir='ltr'><strong>Verre</strong></span> <span class='ocrx_word' id='word_1_69' title='bbox 979 1244 1095 1323; x_wconf 86' lang='lat' dir='ltr'><strong>primas</strong></span> <span class='ocrx_word' id='word_1_70' title='bbox 1115 1242 1215 1301; x_wconf 79' lang='lat' dir='ltr'><strong>seivit.</strong></span> <span class='ocrx_word' id='word_1_71' title='bbox 1261 1234 1309 1299; x_wconf 85' lang='lat' dir='ltr'><strong>Cl.</strong></span> <span class='ocrx_word' id='word_1_72' title='bbox 1331 1236 1377 1296; x_wconf 90' lang='lat' dir='ltr'><strong>le-</strong></span> 
     </span>
     <span class='ocr_line' id='line_1_9' title="bbox 97 1354 1377 1436; baseline -0.002 -20"><span class='ocrx_word' id='word_1_73' title='bbox 97 1375 156 1433; x_wconf 70' lang='lat' dir='ltr'><strong>ges</strong></span> <span class='ocrx_word' id='word_1_74' title='bbox 177 1355 293 1417; x_wconf 83' lang='lat' dir='ltr'><strong>Thoria</strong></span> <span class='ocrx_word' id='word_1_75' title='bbox 320 1359 351 1417; x_wconf 92' lang='lat' dir='ltr'><strong>et</strong></span> <span class='ocrx_word' id='word_1_76' title='bbox 377 1354 511 1418; x_wconf 84' lang='lat' dir='ltr'><strong>Servilia</strong></span> <span class='ocrx_word' id='word_1_77' title='bbox 533 1375 623 1436; x_wconf 89' lang='lat' dir='ltr'><strong>supra</strong></span> <span class='ocrx_word' id='word_1_78' title='bbox 645 1355 791 1420; x_wconf 80' lang='lat' dir='ltr'><strong>laudatae.</strong></span> <span class='ocrx_word' id='word_1_79' title='bbox 835 1356 899 1419; x_wconf 88' lang='lat' dir='ltr'><strong>Sed</strong></span> <span class='ocrx_word' id='word_1_80' title='bbox 928 1356 1023 1417; x_wconf 86' lang='lat' dir='ltr'><strong>verba</strong></span> <span class='ocrx_word' id='word_1_81' title='bbox 1044 1355 1096 1417; x_wconf 89' lang='lat' dir='ltr'><strong>illa</strong></span> <span class='ocrx_word' id='word_1_82' title='bbox 1117 1356 1146 1416; x_wconf 93' lang='lat' dir='ltr'><strong>in</strong></span> <span class='ocrx_word' id='word_1_83' title='bbox 1168 1354 1251 1417; x_wconf 90' lang='lat' dir='ltr'><strong>nulle</strong></span> <span class='ocrx_word' id='word_1_84' title='bbox 1272 1355 1377 1414; x_wconf 88' lang='lat' dir='ltr'><strong>codiee</strong></span> 
     </span>
     <span class='ocr_line' id='line_1_10' title="bbox 98 1469 1378 1551; baseline -0.004 -17"><span class='ocrx_word' id='word_1_85' title='bbox 98 1472 305 1550; x_wconf 82' lang='lat' dir='ltr'><strong>inveniuntur3</strong></span> <span class='ocrx_word' id='word_1_86' title='bbox 330 1475 361 1534; x_wconf 90' lang='lat' dir='ltr'><strong>el</strong></span> <span class='ocrx_word' id='word_1_87' title='bbox 380 1471 489 1533; x_wconf 90' lang='lat' dir='ltr'><strong>abesse</strong></span> <span class='ocrx_word' id='word_1_88' title='bbox 511 1474 649 1551; x_wconf 88' lang='lat' dir='ltr'><strong>possunt.</strong></span> <span class='ocrx_word' id='word_1_89' title='bbox 684 1471 757 1537; x_wconf 75' lang='lat' dir='ltr'><strong>Sese.</strong></span> <span class='ocrx_word' id='word_1_90' title='bbox 779 1471 818 1534; x_wconf 79' lang='lat' dir='ltr'><strong>L.</strong></span> <span class='ocrx_word' id='word_1_91' title='bbox 840 1472 875 1536; x_wconf 81' lang='lat' dir='ltr'><strong>F.</strong></span> <span class='ocrx_word' id='word_1_92' title='bbox 897 1471 1012 1550; x_wconf 85' lang='lat' dir='ltr'><strong>Varro,</strong></span> <span class='ocrx_word' id='word_1_93' title='bbox 1035 1475 1055 1534; x_wconf 94' lang='lat' dir='ltr'><strong>i.</strong></span> <span class='ocrx_word' id='word_1_94' title='bbox 1080 1491 1108 1533; x_wconf 91' lang='lat' dir='ltr'><strong>e.</strong></span> <span class='ocrx_word' id='word_1_95' title='bbox 1132 1470 1248 1532; x_wconf 89' lang='lat' dir='ltr'><strong>Sextus</strong></span> <span class='ocrx_word' id='word_1_96' title='bbox 1270 1469 1378 1547; x_wconf 84' lang='lat' dir='ltr'><strong>Varro,</strong></span> 
     </span>
     <span class='ocr_line' id='line_1_11' title="bbox 99 1587 1378 1670; baseline -0.005 -20"><span class='ocrx_word' id='word_1_97' title='bbox 99 1588 182 1650; x_wconf 86' lang='lat' dir='ltr'><strong>Lucii</strong></span> <span class='ocrx_word' id='word_1_98' title='bbox 203 1588 348 1650; x_wconf 82' lang='lat' dir='ltr'><strong>Varronis</strong></span> <span class='ocrx_word' id='word_1_99' title='bbox 371 1587 459 1649; x_wconf 87' lang='lat' dir='ltr'><strong>lilius.</strong></span> <span class='ocrx_word' id='word_1_100' title='bbox 481 1622 522 1633; x_wconf 83' lang='lat'><strong>-</strong></span> <span class='ocrx_word' id='word_1_101' title='bbox 543 1587 592 1648; x_wconf 84' lang='lat' dir='ltr'><strong>llx</strong></span> <span class='ocrx_word' id='word_1_102' title='bbox 613 1587 690 1649; x_wconf 92' lang='lat' dir='ltr'><strong>trihu</strong></span> <span class='ocrx_word' id='word_1_103' title='bbox 711 1590 937 1668; x_wconf 81' lang='lat' dir='ltr'><strong>praerogativa,</strong></span> <span class='ocrx_word' id='word_1_104' title='bbox 960 1607 1045 1670; x_wconf 88' lang='lat' dir='ltr'><strong>quern</strong></span> <span class='ocrx_word' id='word_1_105' title='bbox 1069 1590 1099 1649; x_wconf 86' lang='lat' dir='ltr'><strong>et</strong></span> <span class='ocrx_word' id='word_1_106' title='bbox 1121 1587 1269 1664; x_wconf 76' lang='lat' dir='ltr'><strong>dignitate</strong></span> <span class='ocrx_word' id='word_1_107' title='bbox 1292 1603 1378 1665; x_wconf 84' lang='lat' dir='ltr'><strong>prae,-</strong></span> 
     </span>
     <span class='ocr_line' id='line_1_12' title="bbox 98 1703 1379 1782; baseline -0.005 -16"><span class='ocrx_word' id='word_1_108' title='bbox 98 1708 178 1766; x_wconf 85' lang='lat' dir='ltr'><strong>stare</strong></span> <span class='ocrx_word' id='word_1_109' title='bbox 201 1708 232 1766; x_wconf 90' lang='lat' dir='ltr'><strong>et</strong></span> <span class='ocrx_word' id='word_1_110' title='bbox 252 1704 405 1781; x_wconf 73' lang='lat' dir='ltr'><strong>rogationi</strong></span> <span class='ocrx_word' id='word_1_111' title='bbox 427 1722 499 1765; x_wconf 89' lang='lat' dir='ltr'><strong>suae</strong></span> <span class='ocrx_word' id='word_1_112' title='bbox 520 1709 641 1782; x_wconf 90' lang='lat' dir='ltr'><strong>praeter</strong></span> <span class='ocrx_word' id='word_1_113' title='bbox 661 1708 781 1766; x_wconf 86' lang='lat' dir='ltr'><strong>eeteros</strong></span> <span class='ocrx_word' id='word_1_114' title='bbox 803 1707 907 1765; x_wconf 81' lang='lat' dir='ltr'><strong>lavere</strong></span> <span class='ocrx_word' id='word_1_115' title='bbox 929 1705 1090 1780; x_wconf 82' lang='lat' dir='ltr'><strong>iudicabat,</strong></span> <span class='ocrx_word' id='word_1_116' title='bbox 1113 1703 1379 1777; x_wconf 76' lang='lat' dir='ltr'><strong>eurnmagistratus</strong></span> 
     </span>
     <span class='ocr_line' id='line_1_13' title="bbox 98 1818 1377 1899; baseline -0.002 -19"><span class='ocrx_word' id='word_1_117' title='bbox 98 1820 199 1899; x_wconf 79' lang='lat' dir='ltr'><strong>legem</strong></span> <span class='ocrx_word' id='word_1_118' title='bbox 229 1821 330 1881; x_wconf 91' lang='lat' dir='ltr'><strong>l&#39;erens</strong></span> <span class='ocrx_word' id='word_1_119' title='bbox 357 1820 527 1899; x_wconf 82' lang='lat' dir='ltr'><strong>deligebat,</strong></span> <span class='ocrx_word' id='word_1_120' title='bbox 556 1826 587 1882; x_wconf 91' lang='lat' dir='ltr'><strong>ut</strong></span> <span class='ocrx_word' id='word_1_121' title='bbox 607 1822 719 1899; x_wconf 91' lang='lat' dir='ltr'><strong>primus</strong></span> <span class='ocrx_word' id='word_1_122' title='bbox 741 1839 795 1898; x_wconf 90' lang='lat' dir='ltr'><strong>pro</strong></span> <span class='ocrx_word' id='word_1_123' title='bbox 826 1820 902 1880; x_wconf 92' lang='lat' dir='ltr'><strong>tribu</strong></span> <span class='ocrx_word' id='word_1_124' title='bbox 930 1839 984 1881; x_wconf 92' lang='lat' dir='ltr'><strong>sua</strong></span> <span class='ocrx_word' id='word_1_125' title='bbox 1010 1820 1183 1894; x_wconf 79' lang='lat' dir='ltr'><strong>suffragium</strong></span> <span class='ocrx_word' id='word_1_126' title='bbox 1211 1818 1317 1879; x_wconf 82' lang='lat' dir='ltr'><strong>ferret.</strong></span> <span class='ocrx_word' id='word_1_127' title='bbox 1349 1837 1377 1878; x_wconf 87' lang='lat' dir='ltr'><strong>v.</strong></span> 
     </span>
     <span class='ocr_line' id='line_1_14' title="bbox 97 1935 398 2013; baseline -0.003 -16"><span class='ocrx_word' id='word_1_128' title='bbox 97 1935 214 1998; x_wconf 89' lang='lat' dir='ltr'><strong>hlanut.</strong></span> <span class='ocrx_word' id='word_1_129' title='bbox 237 1936 275 1996; x_wconf 91' lang='lat' dir='ltr'><strong>de</strong></span> <span class='ocrx_word' id='word_1_130' title='bbox 297 1937 398 2013; x_wconf 79' lang='lat' dir='ltr'><strong>Legg.</strong></span> 
     </span>
    </p>

    <p class='ocr_par' dir='ltr' id='par_1_4' title="bbox 97 2050 1379 2255">
     <span class='ocr_line' id='line_1_15' title="bbox 180 2050 1379 2135; baseline -0.003 -23"><span class='ocrx_word' id='word_1_131' title='bbox 180 2055 283 2115; x_wconf 80' lang='lat' dir='ltr'><strong>scieas</strong></span> <span class='ocrx_word' id='word_1_132' title='bbox 304 2050 377 2112; x_wconf 86' lang='lat' dir='ltr'><strong>delo</strong></span> <span class='ocrx_word' id='word_1_133' title='bbox 399 2053 496 2125; x_wconf 81' lang='lat' dir='ltr'><strong>arelo)</strong></span> <span class='ocrx_word' id='word_1_134' title='bbox 540 2051 622 2113; x_wconf 86' lang='lat' dir='ltr'><strong>Idem</strong></span> <span class='ocrx_word' id='word_1_135' title='bbox 649 2053 810 2135; x_wconf 79' lang='lat' dir='ltr'><strong>aliquoties</strong></span> <span class='ocrx_word' id='word_1_136' title='bbox 839 2055 867 2114; x_wconf 91' lang='lat' dir='ltr'><strong>in</strong></span> <span class='ocrx_word' id='word_1_137' title='bbox 896 2053 968 2130; x_wconf 77' lang='lat' dir='ltr'><strong>lege</strong></span> <span class='ocrx_word' id='word_1_138' title='bbox 994 2070 1043 2133; x_wconf 89' lang='lat' dir='ltr'><strong>ap.</strong></span> <span class='ocrx_word' id='word_1_139' title='bbox 1072 2052 1165 2115; x_wconf 81' lang='lat' dir='ltr'><strong>(lues.</strong></span> <span class='ocrx_word' id='word_1_140' title='bbox 1194 2052 1230 2112; x_wconf 88' lang='lat' dir='ltr'><strong>dc</strong></span> <span class='ocrx_word' id='word_1_141' title='bbox 1259 2069 1292 2111; x_wconf 89' lang='lat' dir='ltr'><strong>re</strong></span> <span class='ocrx_word' id='word_1_142' title='bbox 1315 2068 1379 2127; x_wconf 80' lang='lat' dir='ltr'><strong>agr.</strong></span> 
     </span>
     <span class='ocr_line' id='line_1_16' title="bbox 97 2160 369 2255; baseline -0.011 -26"><span class='ocrx_word' id='word_1_143' title='bbox 97 2188 129 2255; x_wconf 88' lang='lat' dir='ltr'><strong>p.</strong></span> <span class='ocrx_word' id='word_1_144' title='bbox 158 2171 230 2229; x_wconf 76' lang='lat' dir='ltr'><strong>ato.</strong></span> <span class='ocrx_word' id='word_1_145' title='bbox 366 2160 369 2165; x_wconf 74' lang='grc'><strong>’</strong></span> 
     </span>
    </p>

    <p class='ocr_par' dir='ltr' id='par_1_5' title="bbox 180 2283 1379 2373">
     <span class='ocr_line' id='line_1_17' title="bbox 180 2283 1379 2373; baseline -0.003 -28"><span class='ocrx_word' id='word_1_146' title='bbox 180 2289 311 2366; x_wconf 83' lang='lat' dir='ltr'><strong>ruperit)</strong></span> <span class='ocrx_word' id='word_1_147' title='bbox 334 2284 459 2373; x_wconf 77' lang='lat' dir='ltr'><strong>Quintil.</strong></span> <span class='ocrx_word' id='word_1_148' title='bbox 482 2283 521 2346; x_wconf 92' lang='lat'><strong>11.</strong></span> <span class='ocrx_word' id='word_1_149' title='bbox 533 2288 611 2365; x_wconf 75' lang='lat' dir='ltr'><strong>l,8:</strong></span> <span class='ocrx_word' id='word_1_150' title='bbox 636 2287 957 2348; x_wconf 79' lang='lat' dir='ltr'><strong>laminam-caelatam</strong></span> <span class='ocrx_word' id='word_1_151' title='bbox 977 2287 1071 2348; x_wconf 82' lang='lat' dir='ltr'><strong>altior</strong></span> <span class='ocrx_word' id='word_1_152' title='bbox 1091 2293 1219 2367; x_wconf 83' lang='lat' dir='ltr'><strong>rumpat.</strong></span> <span class='ocrx_word' id='word_1_153' title='bbox 1243 2283 1379 2344; x_wconf 70' lang='lat' dir='ltr'><strong>llhllh‘ll.</strong></span> 
     </span>
    </p>

    <p class='ocr_par' dir='ltr' id='par_1_6' title="bbox 97 2399 1385 3758">
     <span class='ocr_line' id='line_1_18' title="bbox 179 2399 1379 2484; baseline -0.002 -22"><span class='ocrx_word' id='word_1_154' title='bbox 179 2401 309 2463; x_wconf 80' lang='lat' dir='ltr'><strong>dominis</strong></span> <span class='ocrx_word' id='word_1_155' title='bbox 341 2399 628 2484; x_wconf 78' lang='lat' dir='ltr'><strong>possessoribusae)</strong></span> <span class='ocrx_word' id='word_1_156' title='bbox 673 2401 806 2464; x_wconf 85' lang='lat' dir='ltr'><strong>Atteude</strong></span> <span class='ocrx_word' id='word_1_157' title='bbox 842 2403 1011 2463; x_wconf 88' lang='lat' dir='ltr'><strong>discrimen.</strong></span> <span class='ocrx_word' id='word_1_158' title='bbox 1062 2403 1188 2463; x_wconf 80' lang='lat' dir='ltr'><strong>Domini</strong></span> <span class='ocrx_word' id='word_1_159' title='bbox 1219 2399 1270 2462; x_wconf 91' lang='lat' dir='ltr'><strong>hic</strong></span> <span class='ocrx_word' id='word_1_160' title='bbox 1300 2404 1379 2477; x_wconf 91' lang='lat' dir='ltr'><strong>snut,</strong></span> 
     </span>
     <span class='ocr_line' id='line_1_19' title="bbox 98 2515 1380 2599; baseline -0.003 -21"><span class='ocrx_word' id='word_1_161' title='bbox 98 2518 205 2599; x_wconf 88' lang='lat' dir='ltr'><strong>qulbus</strong></span> <span class='ocrx_word' id='word_1_162' title='bbox 233 2517 329 2598; x_wconf 85' lang='lat' dir='ltr'><strong>horti,</strong></span> <span class='ocrx_word' id='word_1_163' title='bbox 359 2519 498 2598; x_wconf 90' lang='lat' dir='ltr'><strong>praedia,</strong></span> <span class='ocrx_word' id='word_1_164' title='bbox 528 2518 595 2580; x_wconf 89' lang='lat' dir='ltr'><strong>loca</strong></span> <span class='ocrx_word' id='word_1_165' title='bbox 623 2523 693 2580; x_wconf 88' lang='lat' dir='ltr'><strong>sunt</strong></span> <span class='ocrx_word' id='word_1_166' title='bbox 714 2520 854 2598; x_wconf 76' lang='lat' dir='ltr'><strong>propria,</strong></span> <span class='ocrx_word' id='word_1_167' title='bbox 883 2517 1037 2578; x_wconf 86' lang='lat' dir='ltr'><strong>wirhlichc</strong></span> <span class='ocrx_word' id='word_1_168' title='bbox 1060 2515 1380 2594; x_wconf 78' lang='lat' dir='ltr'><strong>Grundeigentlnhner.</strong></span> 
     </span>
     <span class='ocr_line' id='line_1_20' title="bbox 98 2631 1382 2714; baseline -0.005 -17"><span class='ocrx_word' id='word_1_169' title='bbox 98 2632 304 2697; x_wconf 87' lang='lat' dir='ltr'><strong>Pessessores</strong></span> <span class='ocrx_word' id='word_1_170' title='bbox 332 2640 401 2697; x_wconf 91' lang='lat' dir='ltr'><strong>sunt</strong></span> <span class='ocrx_word' id='word_1_171' title='bbox 423 2634 634 2714; x_wconf 72' lang='lat' dir='ltr'><strong>emphyteutae</strong></span> <span class='ocrx_word' id='word_1_172' title='bbox 663 2654 717 2696; x_wconf 89' lang='lat' dir='ltr'><strong>seu</strong></span> <span class='ocrx_word' id='word_1_173' title='bbox 740 2634 1001 2714; x_wconf 76' lang='lat' dir='ltr'><strong>emphyteuticarii</strong></span> <span class='ocrx_word' id='word_1_174' title='bbox 1025 2633 1146 2709; x_wconf 87' lang='lat' dir='ltr'><strong>domini,</strong></span> <span class='ocrx_word' id='word_1_175' title='bbox 1170 2635 1219 2714; x_wconf 91' lang='lat' dir='ltr'><strong>qui</strong></span> <span class='ocrx_word' id='word_1_176' title='bbox 1242 2631 1310 2693; x_wconf 89' lang='lat' dir='ltr'><strong>loca</strong></span> <span class='ocrx_word' id='word_1_177' title='bbox 1332 2631 1382 2691; x_wconf 89' lang='lat' dir='ltr'><strong>illa</strong></span> 
     </span>
     <span class='ocr_line' id='line_1_21' title="bbox 97 2748 1381 2830; baseline -0.002 -20"><span class='ocrx_word' id='word_1_178' title='bbox 97 2750 264 2827; x_wconf 86' lang='lat' dir='ltr'><strong>vectigalia</strong></span> <span class='ocrx_word' id='word_1_179' title='bbox 285 2752 456 2830; x_wconf 84' lang='lat' dir='ltr'><strong>possident,</strong></span> <span class='ocrx_word' id='word_1_180' title='bbox 480 2753 595 2830; x_wconf 78' lang='lat' dir='ltr'><strong>neitige</strong></span> <span class='ocrx_word' id='word_1_181' title='bbox 616 2751 765 2829; x_wconf 88' lang='lat' dir='ltr'><strong>Besitner,</strong></span> <span class='ocrx_word' id='word_1_182' title='bbox 787 2749 986 2829; x_wconf 73' lang='lat' dir='ltr'><strong>hlrbpachter.</strong></span> <span class='ocrx_word' id='word_1_183' title='bbox 1009 2770 1039 2811; x_wconf 88' lang='lat' dir='ltr'><strong>v.</strong></span> <span class='ocrx_word' id='word_1_184' title='bbox 1063 2748 1204 2829; x_wconf 79' lang='lat' dir='ltr'><strong>Spiegel.</strong></span> <span class='ocrx_word' id='word_1_185' title='bbox 1226 2748 1303 2810; x_wconf 85' lang='lat' dir='ltr'><strong>hex.</strong></span> <span class='ocrx_word' id='word_1_186' title='bbox 1320 2749 1381 2809; x_wconf 89' lang='lat' dir='ltr'><strong>Jur.</strong></span> 
     </span>
     <span class='ocr_line' id='line_1_22' title="bbox 98 2866 1383 2947; baseline -0.002 -22"><span class='ocrx_word' id='word_1_187' title='bbox 98 2866 127 2926; x_wconf 90' lang='lat' dir='ltr'><strong>ln</strong></span> <span class='ocrx_word' id='word_1_188' title='bbox 150 2885 183 2925; x_wconf 77' lang='lat' dir='ltr'><strong>r.</strong></span> <span class='ocrx_word' id='word_1_189' title='bbox 205 2867 348 2927; x_wconf 81' lang='lat' dir='ltr'><strong>Attamen</strong></span> <span class='ocrx_word' id='word_1_190' title='bbox 371 2867 539 2944; x_wconf 90' lang='lat' dir='ltr'><strong>promiscue</strong></span> <span class='ocrx_word' id='word_1_191' title='bbox 563 2868 649 2927; x_wconf 90' lang='lat' dir='ltr'><strong>etiam</strong></span> <span class='ocrx_word' id='word_1_192' title='bbox 672 2871 826 2947; x_wconf 90' lang='lat' dir='ltr'><strong>utrumque</strong></span> <span class='ocrx_word' id='word_1_193' title='bbox 843 2884 949 2926; x_wconf 93' lang='lat' dir='ltr'><strong>nomen</strong></span> <span class='ocrx_word' id='word_1_194' title='bbox 972 2871 1142 2944; x_wconf 88' lang='lat' dir='ltr'><strong>usurpatur,</strong></span> <span class='ocrx_word' id='word_1_195' title='bbox 1165 2885 1229 2926; x_wconf 91' lang='lat' dir='ltr'><strong>cum</strong></span> <span class='ocrx_word' id='word_1_196' title='bbox 1252 2883 1383 2944; x_wconf 88' lang='lat' dir='ltr'><strong>posses·</strong></span> 
     </span>
     <span class='ocr_line' id='line_1_23' title="bbox 98 2979 1381 3060; baseline -0.002 -19"><span class='ocrx_word' id='word_1_197' title='bbox 98 3000 185 3042; x_wconf 79' lang='lat' dir='ltr'><strong>sores</strong></span> <span class='ocrx_word' id='word_1_198' title='bbox 215 2982 301 3042; x_wconf 88' lang='lat' dir='ltr'><strong>etiam</strong></span> <span class='ocrx_word' id='word_1_199' title='bbox 330 2981 441 3041; x_wconf 89' lang='lat' dir='ltr'><strong>domini</strong></span> <span class='ocrx_word' id='word_1_200' title='bbox 470 2980 636 3041; x_wconf 84' lang='lat' dir='ltr'><strong>habeantur</strong></span> <span class='ocrx_word' id='word_1_201' title='bbox 658 2984 688 3041; x_wconf 94' lang='lat' dir='ltr'><strong>et</strong></span> <span class='ocrx_word' id='word_1_202' title='bbox 709 2980 886 3059; x_wconf 87' lang='lat' dir='ltr'><strong>simpliciter</strong></span> <span class='ocrx_word' id='word_1_203' title='bbox 907 2981 950 3041; x_wconf 90' lang='lat' dir='ltr'><strong>sic</strong></span> <span class='ocrx_word' id='word_1_204' title='bbox 973 2980 1169 3060; x_wconf 87' lang='lat' dir='ltr'><strong>appellentur.</strong></span> <span class='ocrx_word' id='word_1_205' title='bbox 1200 3002 1228 3042; x_wconf 86' lang='lat' dir='ltr'><strong>v.</strong></span> <span class='ocrx_word' id='word_1_206' title='bbox 1252 2979 1381 3041; x_wconf 90' lang='lat' dir='ltr'><strong>Schard.</strong></span> 
     </span>
     <span class='ocr_line' id='line_1_24' title="bbox 99 3094 1384 3180; baseline -0.002 -22"><span class='ocrx_word' id='word_1_207' title='bbox 99 3097 175 3160; x_wconf 87' lang='lat' dir='ltr'><strong>Lex.</strong></span> <span class='ocrx_word' id='word_1_208' title='bbox 196 3097 261 3158; x_wconf 89' lang='lat' dir='ltr'><strong>Jur.</strong></span> <span class='ocrx_word' id='word_1_209' title='bbox 285 3099 314 3158; x_wconf 91' lang='lat' dir='ltr'><strong>in</strong></span> <span class='ocrx_word' id='word_1_210' title='bbox 337 3116 369 3160; x_wconf 78' lang='lat' dir='ltr'><strong>v.</strong></span> <span class='ocrx_word' id='word_1_211' title='bbox 396 3096 449 3158; x_wconf 87' lang='lat' dir='ltr'><strong>Sic</strong></span> <span class='ocrx_word' id='word_1_212' title='bbox 472 3094 531 3156; x_wconf 89' lang='lat' dir='ltr'><strong>hoe</strong></span> <span class='ocrx_word' id='word_1_213' title='bbox 554 3098 660 3157; x_wconf 88' lang='lat' dir='ltr'><strong>eodem</strong></span> <span class='ocrx_word' id='word_1_214' title='bbox 682 3097 751 3157; x_wconf 82' lang='lat' dir='ltr'><strong>Art.</strong></span> <span class='ocrx_word' id='word_1_215' title='bbox 773 3096 848 3157; x_wconf 86' lang='lat' dir='ltr'><strong>infra</strong></span> <span class='ocrx_word' id='word_1_216' title='bbox 869 3097 899 3156; x_wconf 93' lang='lat' dir='ltr'><strong>in</strong></span> <span class='ocrx_word' id='word_1_217' title='bbox 920 3098 1024 3158; x_wconf 87' lang='lat' dir='ltr'><strong>verbis</strong></span> <span class='ocrx_word' id='word_1_218' title='bbox 1046 3102 1075 3159; x_wconf 83' lang='lat' dir='ltr'><strong>si</strong></span> <span class='ocrx_word' id='word_1_219' title='bbox 1096 3099 1170 3180; x_wconf 83' lang='lat' dir='ltr'><strong>qaid</strong></span> <span class='ocrx_word' id='word_1_220' title='bbox 1191 3117 1292 3158; x_wconf 86' lang='lat' dir='ltr'><strong>eoram</strong></span> <span class='ocrx_word' id='word_1_221' title='bbox 1314 3115 1384 3157; x_wconf 86' lang='lat' dir='ltr'><strong>ser-</strong></span> 
     </span>
     <span class='ocr_line' id='line_1_25' title="bbox 98 3212 1385 3295; baseline -0.002 -21"><span class='ocrx_word' id='word_1_222' title='bbox 98 3234 155 3275; x_wconf 77' lang='lat' dir='ltr'><strong>vus</strong></span> <span class='ocrx_word' id='word_1_223' title='bbox 174 3215 295 3295; x_wconf 80' lang='lat' dir='ltr'><strong>feeerit,</strong></span> <span class='ocrx_word' id='word_1_224' title='bbox 320 3213 458 3275; x_wconf 82' lang='lat' dir='ltr'><strong>dominus</strong></span> <span class='ocrx_word' id='word_1_225' title='bbox 473 3212 531 3276; x_wconf 85' lang='lat' dir='ltr'><strong>HS</strong></span> <span class='ocrx_word' id='word_1_226' title='bbox 541 3223 656 3274; x_wconf 85' lang='lat' dir='ltr'><strong>ceolum</strong></span> <span class='ocrx_word' id='word_1_227' title='bbox 676 3213 775 3274; x_wconf 79' lang='lat' dir='ltr'><strong>millia</strong></span> <span class='ocrx_word' id='word_1_228' title='bbox 794 3213 910 3295; x_wconf 84' lang='lat' dir='ltr'><strong>pupulo</strong></span> <span class='ocrx_word' id='word_1_229' title='bbox 933 3213 993 3290; x_wconf 86' lang='lat' dir='ltr'><strong>det,</strong></span> <span class='ocrx_word' id='word_1_230' title='bbox 1016 3216 1134 3275; x_wconf 92' lang='lat' dir='ltr'><strong>nomine</strong></span> <span class='ocrx_word' id='word_1_231' title='bbox 1148 3212 1285 3274; x_wconf 84' lang='lat' dir='ltr'><strong>dominns</strong></span> <span class='ocrx_word' id='word_1_232' title='bbox 1308 3228 1385 3273; x_wconf 88' lang='lat' dir='ltr'><strong>con-</strong></span> 
     </span>
     <span class='ocr_line' id='line_1_26' title="bbox 100 3329 1382 3412; baseline -0.002 -21"><span class='ocrx_word' id='word_1_233' title='bbox 100 3333 210 3393; x_wconf 93' lang='lat' dir='ltr'><strong>tinetur</strong></span> <span class='ocrx_word' id='word_1_234' title='bbox 241 3335 273 3392; x_wconf 92' lang='lat' dir='ltr'><strong>et</strong></span> <span class='ocrx_word' id='word_1_235' title='bbox 301 3330 434 3391; x_wconf 90' lang='lat' dir='ltr'><strong>dominns</strong></span> <span class='ocrx_word' id='word_1_236' title='bbox 463 3348 547 3412; x_wconf 92' lang='lat' dir='ltr'><strong>quem</strong></span> <span class='ocrx_word' id='word_1_237' title='bbox 578 3329 707 3406; x_wconf 84' lang='lat' dir='ltr'><strong>diximus</strong></span> <span class='ocrx_word' id='word_1_238' title='bbox 734 3333 766 3390; x_wconf 84' lang='lat' dir='ltr'><strong>e&#39;t</strong></span> <span class='ocrx_word' id='word_1_239' title='bbox 792 3348 966 3407; x_wconf 83' lang='lat' dir='ltr'><strong>possessor.</strong></span> <span class='ocrx_word' id='word_1_240' title='bbox 1016 3329 1118 3411; x_wconf 83' lang='lat' dir='ltr'><strong>Atque</strong></span> <span class='ocrx_word' id='word_1_241' title='bbox 1149 3332 1198 3410; x_wconf 92' lang='lat' dir='ltr'><strong>qui</strong></span> <span class='ocrx_word' id='word_1_242' title='bbox 1226 3329 1294 3391; x_wconf 79' lang='lat' dir='ltr'><strong>Art.</strong></span> <span class='ocrx_word' id='word_1_243' title='bbox 1326 3330 1382 3389; x_wconf 71' lang='lat' dir='ltr'><strong>lot</strong></span> 
     </span>
     <span class='ocr_line' id='line_1_27' title="bbox 100 3443 1383 3528; baseline -0.001 -23"><span class='ocrx_word' id='word_1_244' title='bbox 100 3443 237 3506; x_wconf 84' lang='lat' dir='ltr'><strong>deminus</strong></span> <span class='ocrx_word' id='word_1_245' title='bbox 259 3449 385 3507; x_wconf 89' lang='lat' dir='ltr'><strong>vocatur</strong></span> <span class='ocrx_word' id='word_1_246' title='bbox 408 3443 519 3528; x_wconf 81' lang='lat' dir='ltr'><strong>(aeque</strong></span> <span class='ocrx_word' id='word_1_247' title='bbox 539 3445 632 3506; x_wconf 85' lang='lat' dir='ltr'><strong>rrllnra</strong></span> <span class='ocrx_word' id='word_1_248' title='bbox 648 3464 754 3507; x_wconf 85' lang='lat' dir='ltr'><strong>aevum</strong></span> <span class='ocrx_word' id='word_1_249' title='bbox 772 3445 919 3506; x_wconf 79' lang='lat' dir='ltr'><strong>dominam</strong></span> <span class='ocrx_word' id='word_1_250' title='bbox 933 3443 1160 3527; x_wconf 75' lang='lat' dir='ltr'><strong>praediorum),</strong></span> <span class='ocrx_word' id='word_1_251' title='bbox 1182 3445 1259 3506; x_wconf 90' lang='lat' dir='ltr'><strong>idem</strong></span> <span class='ocrx_word' id='word_1_252' title='bbox 1278 3447 1383 3506; x_wconf 89' lang='lat' dir='ltr'><strong>eedem</strong></span> 
     </span>
     <span class='ocr_line' id='line_1_28' title="bbox 99 3558 1382 3646; baseline -0.001 -26"><span class='ocrx_word' id='word_1_253' title='bbox 99 3558 168 3620; x_wconf 81' lang='lat' dir='ltr'><strong>Art.</strong></span> <span class='ocrx_word' id='word_1_254' title='bbox 190 3559 266 3621; x_wconf 84' lang='lat' dir='ltr'><strong>inira</strong></span> <span class='ocrx_word' id='word_1_255' title='bbox 293 3565 404 3632; x_wconf 84' lang='lat' dir='ltr'><strong>(omnis</strong></span> <span class='ocrx_word' id='word_1_256' title='bbox 426 3582 526 3646; x_wconf 84' lang='lat' dir='ltr'><strong>aquae</strong></span> <span class='ocrx_word' id='word_1_257' title='bbox 542 3581 610 3622; x_wconf 82' lang='lat' dir='ltr'><strong>eum</strong></span> <span class='ocrx_word' id='word_1_258' title='bbox 628 3579 810 3642; x_wconf 80' lang='lat' dir='ltr'><strong>possessore</strong></span> <span class='ocrx_word' id='word_1_259' title='bbox 831 3563 1021 3624; x_wconf 71' lang='lat' dir='ltr'><strong>instauretur</strong></span> <span class='ocrx_word' id='word_1_260' title='bbox 1042 3560 1230 3642; x_wconf 78' lang='lat' dir='ltr'><strong>beneficiam)</strong></span> <span class='ocrx_word' id='word_1_261' title='bbox 1260 3565 1291 3621; x_wconf 92' lang='lat' dir='ltr'><strong>et</strong></span> <span class='ocrx_word' id='word_1_262' title='bbox 1312 3560 1382 3621; x_wconf 88' lang='lat' dir='ltr'><strong>Art.</strong></span> 
     </span>
     <span class='ocr_line' id='line_1_29' title="bbox 101 3674 1211 3758; baseline 0.002 -22"><span class='ocrx_word' id='word_1_263' title='bbox 101 3680 160 3738; x_wconf 79' lang='grc'><strong>114</strong></span> <span class='ocrx_word' id='word_1_264' title='bbox 183 3674 353 3757; x_wconf 83' lang='lat' dir='ltr'><strong>(translata</strong></span> <span class='ocrx_word' id='word_1_265' title='bbox 374 3682 403 3739; x_wconf 85' lang='lat' dir='ltr'><strong>r&#39;n</strong></span> <span class='ocrx_word' id='word_1_266' title='bbox 425 3697 532 3738; x_wconf 85' lang='lat' dir='ltr'><strong>nevum</strong></span> <span class='ocrx_word' id='word_1_267' title='bbox 551 3695 762 3758; x_wconf 83' lang='lat' dir='ltr'><strong>possessorem</strong></span> <span class='ocrx_word' id='word_1_268' title='bbox 783 3683 878 3758; x_wconf 78' lang='lat' dir='ltr'><strong>aque)</strong></span> <span class='ocrx_word' id='word_1_269' title='bbox 899 3697 1064 3758; x_wconf 82' lang='lat' dir='ltr'><strong>possessor</strong></span> <span class='ocrx_word' id='word_1_270' title='bbox 1086 3678 1211 3738; x_wconf 82' lang='lat' dir='ltr'><strong>dicitnr.</strong></span> 
     </span>
    </p>

    <p class='ocr_par' dir='ltr' id='par_1_7' title="bbox 182 3791 1214 3874">
     <span class='ocr_line' id='line_1_30' title="bbox 182 3791 1214 3874; baseline 0.003 -22"><span class='ocrx_word' id='word_1_271' title='bbox 182 3792 273 3853; x_wconf 83' lang='lat' dir='ltr'><strong>loeas</strong></span> <span class='ocrx_word' id='word_1_272' title='bbox 294 3797 482 3865; x_wconf 80' lang='lat' dir='ltr'><strong>immittetur)</strong></span> <span class='ocrx_word' id='word_1_273' title='bbox 506 3792 650 3856; x_wconf 86' lang='lat' dir='ltr'><strong>Schneid.</strong></span> <span class='ocrx_word' id='word_1_274' title='bbox 673 3793 710 3852; x_wconf 87' lang='lat' dir='ltr'><strong>ad</strong></span> <span class='ocrx_word' id='word_1_275' title='bbox 732 3791 856 3853; x_wconf 84' lang='lat' dir='ltr'><strong>Vltrnv.</strong></span> <span class='ocrx_word' id='word_1_276' title='bbox 879 3797 908 3854; x_wconf 84' lang='grc'><strong>8.</strong></span> <span class='ocrx_word' id='word_1_277' title='bbox 931 3814 960 3874; x_wconf 93' lang='lat' dir='ltr'><strong>p.</strong></span> <span class='ocrx_word' id='word_1_278' title='bbox 987 3800 1055 3856; x_wconf 83' lang='lat'><strong>130.</strong></span> <span class='ocrx_word' id='word_1_279' title='bbox 1077 3793 1214 3856; x_wconf 76' lang='lat' dir='ltr'><strong>Hlllh&#39;ll.</strong></span> 
     </span>
    </p>

    <p class='ocr_par' dir='ltr' id='par_1_8' title="bbox 100 3908 1386 4106">
     <span class='ocr_line' id='line_1_31' title="bbox 182 3908 1386 3989; baseline -0.001 -20"><span class='ocrx_word' id='word_1_280' title='bbox 182 3908 308 3972; x_wconf 83' lang='lat' dir='ltr'><strong>damnas</strong></span> <span class='ocrx_word' id='word_1_281' title='bbox 329 3918 412 3989; x_wconf 82' lang='lat' dir='ltr'><strong>esto)</strong></span> <span class='ocrx_word' id='word_1_282' title='bbox 440 3910 556 3972; x_wconf 85' lang='lat' dir='ltr'><strong>Laudat</strong></span> <span class='ocrx_word' id='word_1_283' title='bbox 576 3908 672 3970; x_wconf 91' lang='lat' dir='ltr'><strong>locum</strong></span> <span class='ocrx_word' id='word_1_284' title='bbox 695 3926 759 3968; x_wconf 91' lang='lat' dir='ltr'><strong>cum</strong></span> <span class='ocrx_word' id='word_1_285' title='bbox 787 3909 853 3970; x_wconf 90' lang='lat' dir='ltr'><strong>aliis</strong></span> <span class='ocrx_word' id='word_1_286' title='bbox 882 3910 983 3972; x_wconf 88' lang='lat' dir='ltr'><strong>multis</strong></span> <span class='ocrx_word' id='word_1_287' title='bbox 1005 3908 1166 3972; x_wconf 79' lang='lat' dir='ltr'><strong>Fercellin.</strong></span> <span class='ocrx_word' id='word_1_288' title='bbox 1189 3911 1218 3969; x_wconf 94' lang='lat' dir='ltr'><strong>in</strong></span> <span class='ocrx_word' id='word_1_289' title='bbox 1240 3929 1272 3969; x_wconf 84' lang='lat' dir='ltr'><strong>v.</strong></span> <span class='ocrx_word' id='word_1_290' title='bbox 1296 3909 1386 3970; x_wconf 85' lang='lat' dir='ltr'><strong>darn-</strong></span> 
     </span>
     <span class='ocr_line' id='line_1_32' title="bbox 100 4024 1246 4106; baseline 0 -20"><span class='ocrx_word' id='word_1_291' title='bbox 100 4045 170 4104; x_wconf 81' lang='lat' dir='ltr'><strong>aeu,</strong></span> <span class='ocrx_word' id='word_1_292' title='bbox 194 4025 243 4085; x_wconf 94' lang='lat' dir='ltr'><strong>nbi</strong></span> <span class='ocrx_word' id='word_1_293' title='bbox 266 4025 378 4087; x_wconf 87' lang='lat' dir='ltr'><strong>vitiose</strong></span> <span class='ocrx_word' id='word_1_294' title='bbox 401 4031 503 4087; x_wconf 90' lang='lat' dir='ltr'><strong>nostra</strong></span> <span class='ocrx_word' id='word_1_295' title='bbox 525 4027 578 4087; x_wconf 86' lang='lat' dir='ltr'><strong>lex</strong></span> <span class='ocrx_word' id='word_1_296' title='bbox 599 4026 735 4088; x_wconf 83' lang='lat' dir='ltr'><strong>vocatur.</strong></span> <span class='ocrx_word' id='word_1_297' title='bbox 758 4024 792 4088; x_wconf 88' lang='lat' dir='ltr'><strong>S.</strong></span> <span class='ocrx_word' id='word_1_298' title='bbox 818 4025 852 4086; x_wconf 88' lang='lat' dir='ltr'><strong>C.</strong></span> <span class='ocrx_word' id='word_1_299' title='bbox 877 4025 926 4089; x_wconf 81' lang='lat' dir='ltr'><strong>Cl.</strong></span> <span class='ocrx_word' id='word_1_300' title='bbox 950 4025 1041 4087; x_wconf 86' lang='lat' dir='ltr'><strong>Goes.</strong></span> <span class='ocrx_word' id='word_1_301' title='bbox 1064 4045 1096 4104; x_wconf 95' lang='lat' dir='ltr'><strong>p.</strong></span> <span class='ocrx_word' id='word_1_302' title='bbox 1119 4028 1179 4086; x_wconf 78' lang='lat'><strong>339</strong></span> <span class='ocrx_word' id='word_1_303' title='bbox 1200 4045 1246 4106; x_wconf 86' lang='lat' dir='ltr'><strong>sq.</strong></span> 
     </span>
    </p>

    <p class='ocr_par' dir='ltr' id='par_1_9' title="bbox 99 4140 1387 4572">
     <span class='ocr_line' id='line_1_33' title="bbox 184 4140 1385 4224; baseline -0.002 -22"><span class='ocrx_word' id='word_1_304' title='bbox 184 4144 342 4222; x_wconf 80' lang='lat' dir='ltr'><strong>coerceto)</strong></span> <span class='ocrx_word' id='word_1_305' title='bbox 375 4141 438 4205; x_wconf 86' lang='lat' dir='ltr'><strong>Cic.</strong></span> <span class='ocrx_word' id='word_1_306' title='bbox 455 4141 533 4220; x_wconf 70' lang='lat' dir='ltr'><strong>Lep.</strong></span> <span class='ocrx_word' id='word_1_307' title='bbox 556 4140 608 4202; x_wconf 91' lang='lat' dir='ltr'><strong>lll.</strong></span> <span class='ocrx_word' id='word_1_308' title='bbox 631 4145 666 4203; x_wconf 84' lang='lat'><strong>3:</strong></span> <span class='ocrx_word' id='word_1_309' title='bbox 689 4141 794 4222; x_wconf 84' lang='lat' dir='ltr'><strong>malta,</strong></span> <span class='ocrx_word' id='word_1_310' title='bbox 825 4143 958 4204; x_wconf 79' lang='lat' dir='ltr'><strong>vineolis</strong></span> <span class='ocrx_word' id='word_1_311' title='bbox 978 4141 1212 4224; x_wconf 78' lang='lat' dir='ltr'><strong>verberibusque</strong></span> <span class='ocrx_word' id='word_1_312' title='bbox 1233 4151 1385 4203; x_wconf 81' lang='lat' dir='ltr'><strong>coercet.</strong></span> 
     </span>
     <span class='ocr_line' id='line_1_34' title="bbox 99 4256 1387 4341; baseline -0.002 -22"><span class='ocrx_word' id='word_1_313' title='bbox 99 4258 148 4319; x_wconf 89' lang='lat' dir='ltr'><strong>De</strong></span> <span class='ocrx_word' id='word_1_314' title='bbox 172 4278 324 4338; x_wconf 88' lang='lat' dir='ltr'><strong>coercere,</strong></span> <span class='ocrx_word' id='word_1_315' title='bbox 340 4262 474 4341; x_wconf 80' lang='lat' dir='ltr'><strong>pipaera</strong></span> <span class='ocrx_word' id='word_1_316' title='bbox 497 4277 611 4339; x_wconf 85' lang='lat' dir='ltr'><strong>cepere</strong></span> <span class='ocrx_word' id='word_1_317' title='bbox 628 4261 687 4320; x_wconf 85' lang='lat' dir='ltr'><strong>etc.</strong></span> <span class='ocrx_word' id='word_1_318' title='bbox 708 4256 814 4322; x_wconf 82' lang='lat' dir='ltr'><strong>lleinr.</strong></span> <span class='ocrx_word' id='word_1_319' title='bbox 837 4258 967 4319; x_wconf 82' lang='lat' dir='ltr'><strong>conferri</strong></span> <span class='ocrx_word' id='word_1_320' title='bbox 989 4257 1074 4319; x_wconf 89' lang='lat' dir='ltr'><strong>iubet</strong></span> <span class='ocrx_word' id='word_1_321' title='bbox 1088 4257 1224 4318; x_wconf 85' lang='lat' dir='ltr'><strong>Brisson.</strong></span> <span class='ocrx_word' id='word_1_322' title='bbox 1243 4258 1273 4317; x_wconf 93' lang='lat' dir='ltr'><strong>in</strong></span> <span class='ocrx_word' id='word_1_323' title='bbox 1296 4276 1387 4318; x_wconf 87' lang='lat' dir='ltr'><strong>accr-</strong></span> 
     </span>
     <span class='ocr_line' id='line_1_35' title="bbox 102 4358 1385 4457; baseline -0.001 -21"><span class='ocrx_word' id='word_1_324' title='bbox 102 4395 170 4436; x_wconf 88' lang='lat' dir='ltr'><strong>eere</strong></span> <span class='ocrx_word' id='word_1_325' title='bbox 191 4379 222 4436; x_wconf 96' lang='lat' dir='ltr'><strong>et</strong></span> <span class='ocrx_word' id='word_1_326' title='bbox 240 4358 352 4457; x_wconf 60' lang='lat' dir='ltr'><strong>pr‘qrfres</strong></span> <span class='ocrx_word' id='word_1_327' title='bbox 373 4394 402 4438; x_wconf 95' lang='lat' dir='ltr'><strong>n.</strong></span> <span class='ocrx_word' id='word_1_328' title='bbox 426 4381 455 4434; x_wconf 91' lang='lat' dir='ltr'><strong>e.</strong></span> <span class='ocrx_word' id='word_1_329' title='bbox 478 4409 518 4418; x_wconf 85' lang='lat'><strong>—-</strong></span> <span class='ocrx_word' id='word_1_330' title='bbox 560 4374 720 4434; x_wconf 91' lang='lat' dir='ltr'><strong>Praeterea</strong></span> <span class='ocrx_word' id='word_1_331' title='bbox 740 4375 898 4435; x_wconf 89' lang='lat' dir='ltr'><strong>notandum</strong></span> <span class='ocrx_word' id='word_1_332' title='bbox 923 4376 986 4447; x_wconf 86' lang='lat' dir='ltr'><strong>est,</strong></span> <span class='ocrx_word' id='word_1_333' title='bbox 1014 4373 1074 4433; x_wconf 89' lang='lat' dir='ltr'><strong>dici</strong></span> <span class='ocrx_word' id='word_1_334' title='bbox 1098 4378 1208 4452; x_wconf 81' lang='lat' dir='ltr'><strong>cupite,</strong></span> <span class='ocrx_word' id='word_1_335' title='bbox 1232 4383 1385 4448; x_wconf 77' lang='lat' dir='ltr'><strong>coerceto,</strong></span> 
     </span>
     <span class='ocr_line' id='line_1_36' title="bbox 101 4466 1387 4572; baseline -0.002 -21"><span class='ocrx_word' id='word_1_336' title='bbox 101 4495 236 4571; x_wconf 82' lang='lat' dir='ltr'><strong>quamvis</strong></span> <span class='ocrx_word' id='word_1_337' title='bbox 257 4493 459 4572; x_wconf 84' lang='lat' dir='ltr'><strong>praecesserit</strong></span> <span class='ocrx_word' id='word_1_338' title='bbox 480 4499 522 4551; x_wconf 83' lang='lat' dir='ltr'><strong>nt.</strong></span> <span class='ocrx_word' id='word_1_339' title='bbox 565 4490 704 4552; x_wconf 86' lang='lat' dir='ltr'><strong>Nimirum</strong></span> <span class='ocrx_word' id='word_1_340' title='bbox 725 4494 831 4553; x_wconf 86' lang='lat' dir='ltr'><strong>auctor</strong></span> <span class='ocrx_word' id='word_1_341' title='bbox 853 4489 944 4568; x_wconf 84' lang='lat' dir='ltr'><strong>legis,</strong></span> <span class='ocrx_word' id='word_1_342' title='bbox 969 4466 1007 4548; x_wconf 94' lang='lat' dir='ltr'><strong>ob</strong></span> <span class='ocrx_word' id='word_1_343' title='bbox 1034 4487 1205 4552; x_wconf 87' lang='lat' dir='ltr'><strong>interiectas</strong></span> <span class='ocrx_word' id='word_1_344' title='bbox 1221 4491 1387 4551; x_wconf 88' lang='lat' dir='ltr'><strong>sententias</strong></span> 
     </span>
    </p>
   </div>
   <div class='ocr_carea' id='block_1_3' title="bbox 0 0 1498 4988">
    <p class='ocr_par' dir='ltr' id='par_1_10' title="bbox 0 0 1498 4988">
     <span class='ocr_line' id='line_1_37' title="bbox 0 0 1498 4988; baseline 0 0"><span class='ocrx_word' id='word_1_345' title='bbox 0 0 1498 4988; x_wconf 95' lang='lat' dir='ltr'><strong> </strong></span> 
     </span>
    </p>
   </div>
  </div>
 </body>
</html>
