2978 4988
477 324 918 418 ANNOnnulonnS.
1265 335 1341 414 185

57 569 98 628 ci.
124 566 178 629 iii.
201 574 251 629 20.
280 571 309 630 in
332 575 394 631 noi.
418 567 484 632 crit.
510 574 623 636 nutent:
655 590 692 633 ne
718 573 749 632 in
769 572 831 634 uiis
850 589 964 654 rpecur
986 570 1249 650 convulnerentur,
1280 589 1343 634 unu

54 686 208 764 fieoeip.
251 685 417 747 Audimnos
443 686 546 748 iibrcs.
588 685 682 748 Nihili
709 689 795 765 sunt,
826 704 902 768 quae
923 688 954 749 in
975 685 1043 748 Vb*
1063 686 1223 765 leguntura
1252 705 1291 749 nr
1309 691 1342 750 in

58 803 218 880 quaternis
238 807 423 882 septenariis
444 822 509 864 cum
530 803 716 865 vulneretur.
743 805 808 865 cria
829 821 870 865 ex
891 801 1014 863 aliorum
1035 801 1174 865 librorum
1196 802 1341 880 vestigiis

57 921 90 976 in
117 920 193 991 aiis,
221 935 296 997 quam
322 936 377 996 pro
405 920 535 979 numeris
560 913 611 980 IV
637 916 699 983 V11
720 921 844 998 accepia
869 919 948 980 sunl.
990 915 1024 977 ln
1046 915 1074 978 U
1095 918 1217 980 disertis
1237 917 1342 981 verbis

59 1029 190 1107 legitur:
220 1053 258 1093 ne
285 1038 315 1093 iu
341 1038 402 1096 ciis
427 1043 533 1116 septus
564 1053 631 1096 eum
656 1031 841 1096 vulneretur.
885 1031 946 1095 Sed
975 1032 1005 1094 in
1027 1030 1053 1094 0
1077 1034 1189 1095 video:
1217 1036 1344 1096 neminie

59 1151 137 1217 (non
159 1169 213 1222 ue,
235 1153 267 1209 ni
287 1153 351 1224 nis,
374 1154 405 1210 ot
426 1151 519 1215 refert
539 1148 621 1221 Pei.)
644 1159 751 1231 septus
772 1149 1014 1212 conuulneretur.
1035 1149 1077 1210 ita
1097 1152 1212 1227 tamen,
1234 1153 1268 1212 ui
1287 1169 1343 1210 sn-

61 1281 115 1339 pra
142 1270 292 1344 ulnamque
321 1268 333 1325 i
360 1265 489 1326 litteram
519 1270 630 1344 puncta
656 1265 772 1342 desint,
802 1267 905 1345 totque
933 1264 1039 1326 ductus
1065 1265 1240 1343 videantur,
1269 1266 1344 1344 quoi

60 1385 131 1440 sont
154 1380 183 1438 iu
207 1380 363 1439 vocaimiis
384 1401 422 1440 ne
443 1384 475 1442 in
496 1384 566 1442 ciis.
605 1380 638 1441 ln
654 1379 703 1441 bis
721 1382 787 1459 ipsa
802 1380 846 1441 rci
864 1382 967 1440 natura
982 1378 1087 1458 procui
1105 1368 1194 1440 dubie
1211 1379 1343 1456 genuina

58 1499 128 1554 suni
144 1495 237 1554 verba
253 1494 343 1557 bacc:
368 1516 432 1557 cum
450 1495 558 1578 plures
579 1499 739 1577 quinariae
760 1514 821 1556 una
838 1493 941 1574 fistula
961 1497 1155 1577 excipiuntur
1175 1497 1206 1555 in
1223 1495 1343 1556 caelel-

60 1609 128 1669 lum.
152 1616 253 1670 cetera
275 1613 431 1672 admodum
452 1611 595 1674 mutilata.
627 1611 755 1672 Primum
778 1609 852 1671 enim
874 1628 934 1670 non
956 1609 1164 1687 intelliguntur
1185 1613 1344 1693 quinariae

59 1729 249 1806 impetratae.
293 1725 411 1808 Ubique
433 1727 593 1788 Frontinus
622 1727 713 1798 (Λή.
738 1730 805 1787 103.
829 1729 889 1786 100
906 1728 986 1799 cic.)
1021 1727 1058 1786 de
1079 1744 1161 1808 aqua
1181 1730 1344 1807 impetrata

60 1840 205 1921 ioquiim·3
235 1844 266 1903 ei
287 1840 355 1902 Art.
380 1845 450 1903 101.
475 1847 532 1906 108
559 1842 596 1903 de
619 1846 687 1905 iure
706 1844 887 1924 impetratae
908 1860 1015 1922 aquae.
1057 1839 1132 1901 Tum
1154 1842 1192 1903 ad
1214 1841 1344 1904 conuul-

62 1966 184 2018 neretur
206 1958 293 2018 deest
313 1958 496 2034 subiectum,
524 1977 609 2040 quum
632 1978 693 2019 una
711 1957 835 2040 fistula,
861 1974 894 2018 rc
917 1957 959 2018 ita
980 1958 1146 2035 exigente,
1169 1976 1234 2018 cum
1255 1959 1344 2020 ecci-

60 2075 182 2152 piuutnr
211 2074 252 2134 sit
278 2073 528 2150 coniungendam.
570 2073 617 2134 Ne
644 2071 751 2152 nnultn3
780 2072 970 2151 reparandum
999 2050 1068 2133 osse
1093 2070 1191 2133 locum
1218 2090 1343 2151 censeo,

63 2197 94 2248 ut
116 2187 271 2250 edidimus.
314 2187 498 2249 Vocabulum
521 2192 588 2250 iure
609 2189 701 2267 periit
721 2187 916 2267 praecedenti
938 2187 1024 2248 exitu
1046 2190 1154 2262 orirer
1181 2205 1238 2267 qua
1258 2189 1289 2250 in
1310 2204 1344 2250 ro
1375 2266 1378 2271 q

62 2305 181 2382 respice
203 2320 334 2385 quaeso,
368 2304 448 2383 qued
469 2302 538 2365 Art.
557 2305 596 2363 12
617 2304 720 2364 exitus
740 2307 828 2364 uriae
848 2302 878 2363 in
901 2300 1017 2362 duobus
1039 2300 1126 2362 codd.
1149 2302 1345 2381 corrumpitur

61 2417 92 2478 in
118 2423 205 2483 iure:
229 2419 355 2499 fistulae
381 2418 418 2480 ob
447 2432 517 2500 seq:
538 2417 661 2480 aiterum
690 2415 911 2479 vocabulumn
936 2415 1066 2477 librariis
1093 2414 1282 2495 neglectum:
1310 2421 1346 2481 ui

62 2533 134 2594 nibil
163 2536 192 2594 in
214 2535 420 2595 emendatione
441 2534 661 2612 silendumne,
692 2534 718 2593 si
740 2551 827 2593 unum
848 2551 948 2615 aquae
968 2533 1107 2612 excipis,
1136 2533 1216 2612 quod
1237 2533 1271 2593 ut
1291 2550 1344 2595 re-

62 2649 205 2709 stituatur
226 2667 275 2710 res
297 2651 362 2728 ipsa
384 2649 541 2725 efflagitat.
586 2649 808 2712 Conuulnerari
829 2646 944 2709 fistulae
968 2644 1034 2727 [bic
1056 2649 1088 2708 ci
1108 2647 1177 2710 nrt.
1197 2643 1273 2727 115)
1295 2646 1344 2708 di-

62 2767 184 2840 cuntur,
213 2780 288 2845 quae
318 2767 522 2843 perimantur,
552 2767 585 2825 ut
610 2784 685 2846 aqua
712 2764 810 2826 exiis
836 2764 866 2827 in
888 2783 972 2825 usum
992 2763 1142 2824 bominum
1165 2763 1343 2843 deducatur3

63 2879 92 2937 in
121 2879 245 2938 eurndem
272 2896 390 2939 sensum
418 2883 506 2942 etiam
534 2882 671 2943 lacerari
697 2881 887 2960 dicebantur,
915 2883 948 2942 ut
973 2879 1060 2940 simili
1088 2879 1156 2940 ioco
1178 2877 1248 2942 nrt.
1267 2883 1344 2943 1062

62 3013 100 3054 ne
121 3003 176 3054 aut
196 2997 256 3055 riui
276 3005 331 3054 aut
348 2994 472 3075 fistulae
490 2996 637 3077 publicae
655 2997 829 3080 frequenter
849 2997 1032 3059 lacerentur.
1074 2994 1251 3058 Mendosunn
1273 3011 1344 3057 esse

63 3108 161 3170 iocum
184 3109 299 3185 sensit,
320 3109 370 3190 qui
392 3113 496 3172 auctor
518 3114 565 3173 esi
587 3114 823 3175 correctionum:
846 3116 1026 3194 impetratae
1043 3111 1182 3192 fuerintr
1203 3119 1237 3173 ut
1255 3113 1344 3174 euci-

61 3228 201 3305 piantur3
226 3243 299 3306 quas
321 3227 351 3286 in
372 3227 390 3286 J
408 3230 441 3288 ci
454 3245 518 3288 rec.
541 3225 802 3305 deprehendimus

146 3360 229 3402 uuum
250 3341 387 3413 mudum)
416 3344 438 3403 i.
456 3361 485 3403 c.
508 3361 591 3403 suam
612 3343 815 3425 quantitatem.
856 3339 997 3403 mulne.
1040 3339 1089 3405 ct.
1111 3341 1179 3405 nrt.
1196 3342 1261 3402 at
1285 3342 1344 3403 elo.

677 3543 729 3603 28.

147 3699 194 3763 ut,
218 3696 315 3770 putu)
346 3688 397 3750 Sic
419 3694 513 3754 recte.
554 3689 681 3751 Primum
699 3690 831 3760 Seneca.
874 3687 1005 3753 torceii.
1027 3688 1056 3750 in
1076 3697 1162 3771 puta.
1203 3689 1344 3750 Brisoana

63 3814 96 3866 ut
115 3814 204 3886 puta.
248 3804 358 3869 Senec.
380 3805 438 3885 Ep.
454 3808 505 3867 di.
525 3825 557 3886 p.
574 3809 643 3869 131.
685 3805 823 3868 HbilNR.

148 3923 178 3978 in
198 3919 350 3993 solidum)
379 3920 515 3982 Fennnulu
534 3942 583 4002 ap.
605 3921 683 3984 icius
705 3921 805 3984 obvie.

148 4041 265 4116 supra)
293 4035 363 4100 nrt.
384 4041 434 4099 25.

609 4255 616 4267 ·
679 4239 731 4299 29.

146 4383 285 4446 aicenrim
305 4385 447 4467 quinum)
475 4386 642 4448 Notandum
664 4389 731 4465 ent,
762 4389 898 4449 vicenum
919 4388 1039 4470 quinum
1066 4385 1125 4457 (ci.
1147 4384 1216 4446 Ari.
1234 4387 1290 4458 11)
1315 4384 1348 4446 ct

66 4507 220 4561 centenum
239 4502 377 4563 ciconum
399 4501 457 4572 (ci.
473 4503 542 4566 Art.
557 4506 609 4565 el.
626 4508 666 4566 11
683 4503 777 4582 etc.);
798 4501 868 4566 nrt.
886 4505 925 4566 15
942 4504 1059 4583 quinum
1075 4499 1198 4577 denunt
1218 4496 1289 4564 Ari.
1306 4500 1346 4561 11
