2978 4988
423 339 496 415 DE
520 338 710 434 AQUAE
734 342 1015 423 uncrinus,

82 594 260 643 numerum
285 576 380 644 eirea
406 571 531 646 duetus
559 584 657 648 extra
674 575 824 672 Urbem,
853 589 986 651 certum
1007 578 1044 649 in·
1056 576 1156 653 Urbe
1176 598 1257 648 ser-

82 711 202 759 vorum
230 686 392 783 opiticum
416 687 580 783 habendi,
609 690 801 788 etquidem
824 697 886 787 ita,
913 705 952 767 ut
966 694 1104 766 nomina
1121 714 1258 788 quoque

82 827 218 895 eorum,
247 827 336 898 quos
358 803 504 877 habituri
526 818 647 879 essent
672 808 706 880 in
727 807 917 882 ministerio
944 831 1009 905 per
1022 831 1181 904 quasque
1197 829 1258 880 re·

81 920 223 1016 gioneS,
256 919 289 991 in
315 919 452 993 tabulas
477 921 635 1019 publicas
662 920 854 1014 deferrent3
893 947 1085 1020 eorumque
1115 923 1261 1021 operum

81 1034 337 1132 probandorum
369 1061 487 1110 euram
518 1037 631 1110 fuisse
663 1062 773 1136 penes
800 1036 985 1115 Censores
1016 1037 1199 1135 aliquando
1226 1049 1261 1110 et

81 1151 251 1246 AedileS,
291 1150 459 1225 interdum
500 1154 602 1226 etium
638 1152 898 1245 Quaestoribus
936 1178 1013 1228 eam
1047 1155 1260 1253 provinciam

82 1267 289 1362 obvenisse,
315 1278 356 1340 ut
381 1279 524 1365 apparet
549 1293 595 1342 ex
620 1267 662 1346 S.
678 1267 742 1365 C,
770 1268 864 1368 quod
888 1270 1016 1345 fautum
1042 1281 1098 1344 est
1123 1267 1170 1347 O.
1190 1269 1259 1341 Iri-

83 1383 172 1457 einio
199 1381 369 1461 Caesulla
395 1394 431 1457 et
457 1382 503 1475 0.
528 1384 641 1460 natio
668 1384 902 1464 Oensoribus.

123 1721 235 1774 certum
255 1716 286 1774 in
309 1712 405 1790 Urbe)
426 1715 472 1778 lta
492 1717 511 1779 J
534 1721 564 1779 et
585 1737 647 1783 reo.
669 1720 727 1792 (Bt
748 1729 780 1783 et
800 1725 910 1794 cerl.)‚
932 1720 1001 1782 item
1023 1718 1089 1780 Pol.
1112 1716 1186 1781 Soh.
1208 1717 1257 1778 le-

86 1811 131 1887 git
152 1815 235 1872 intra
257 1812 373 1876 Urbern.
416 1815 461 1877 At
480 1819 511 1879 in
534 1817 628 1880 trihus
650 1819 739 1880 oodd.
762 1823 793 1881 et
813 1819 837 1882 F
857 1819 948 1881 rideo
971 1827 1087 1880 centurn
1108 1818 1147 1880 nb
1169 1817 1259 1882 Urbe.

84 1911 206 1972 Centum
234 1920 403 1994 corruptum
431 1921 480 1979 est
508 1936 549 1978 ex
576 1928 700 1981 emtum.
743 1917 805 1979 Sed
833 1919 902 2000 quid
932 1917 1118 1979 statuendum
1147 1922 1196 1979 est
1223 1916 1261 1978 de

85 2009 137 2072 illo
160 2011 199 2072 ub
223 2008 326 2076 Urbe?
366 2015 417 2077 An
438 2014 497 2077 boo
519 2017 561 2078 ita
582 2016 707 2094 dietum,
731 2020 763 2078 ut
783 2034 892 2079 servus
912 2037 934 2079 n
951 2017 1098 2099 pedibus,
1119 2036 1141 2078 a
1160 2035 1261 2091 manu,

85 2105 166 2173 eim?
194 2109 244 2175 Cf.
264 2113 420 2178 Arnus:
441 2133 551 2178 servus
571 2134 593 2176 n
604 2121 737 2198 punctis.
767 2114 879 2179 Contra
899 2135 935 2178 ea
947 2135 1085 2196 compara
1105 2116 1261 2179 Arene:

85 2211 205 2294 aliquos
225 2221 314 2274 extra
337 2214 443 2277 Urbem
463 2235 532 2278 esse
553 2226 684 2297 oportet.
715 2215 824 2279 Onnes
845 2219 876 2277 in
898 2215 979 2279 Urbe
999 2219 1058 2277 eto.

124 2319 155 2372 et
176 2311 275 2394 quid.)
299 2309 342 2375 C:
363 2333 401 2375 eu
422 2314 526 2397 puid.;
549 2315 586 2376 de
607 2334 665 2397 qun
685 2317 831 2380 varietate
853 2334 885 2375 v.
907 2314 943 2375 ad
966 2312 1034 2379 Art.
1050 2318 1101 2374 ou.
1130 2312 1211 2375 VF:
1232 2321 1264 2374 el

85 2415 135 2491 pui
155 2415 211 2474 itu.

124 2509 195 2575 bob.
216 2517 333 2585 essern)
355 2510 401 2576 V:
422 2521 501 2575 sunt.
530 2511 549 2573 J
570 2516 601 2574 et
621 2527 689 2576 rec:
711 2521 808 2574 erum.

124 2632 219 2693 penes
241 2611 406 2686 Censores)
427 2611 510 2673 Libri
533 2630 636 2673 omnes
654 2631 713 2694 per
733 2612 831 2674 Cens.'
845 2610 932 2698 Quod
953 2629 1010 2672 nos
1032 2608 1170 2692 exemplo
1191 2609 1259 2671 Pol.

87 2717 118 2773 et
139 2709 214 2773 Soh.
237 2710 404 2786 edidimus,
435 2711 602 2774 emendatio
627 2716 676 2774 est
696 2708 818 2772 Pithoei
846 2714 943 2781 (teste
964 2710 1116 2789 Oneon),
1144 2709 1262 2771 omnino

86 2810 269 2891 probabilis,
292 2811 347 2870 inm
368 2813 492 2890 recepta
513 2830 531 2872 n
551 2810 663 2888 Pighio
685 2810 766 2874 Ano.
787 2809 825 2871 T.
837 2808 892 2872 111.
914 2829 945 2890 p.
958 2814 1026 2871 leo.
1047 2809 1151 2873 Heinr.
1166 2816 1262 2871 tamen

86 2929 189 2972 rursus
211 2910 345 2972 correxit
363 2928 431 2991 per.

126 3014 216 3071 etiam
239 3003 475 3100 quaestoribus)
498 3008 529 3070 V
546 3013 577 3071 et
592 3009 668 3071 edd:
689 3009 881 3073 Censoribus.
902 3009 1001 3086 laiso,
1024 3027 1088 3070 oum
1109 3008 1197 3070 modo
1216 3006 1266 3068 le-

86 3111 238 3187 gerimus:
258 3127 353 3189 penes
375 3107 527 3169 Censores
547 3109 713 3189 aliquando
735 3119 766 3170 et
784 3109 922 3171 Aediles.
944 3107 1090 3170 Pithoeus
1111 3108 1262 3169 correxit:

86 3207 275 3272 Consulibus.
309 3224 482 3287 perperam,
514 3209 637 3286 opinor,
668 3226 787 3268 munere
817 3206 876 3269 hoo
905 3206 1089 3271 Consulibus
1119 3207 1262 3267 iniuncto.

88 3309 188 3394 Quare
210 3324 273 3368 oum
295 3304 364 3368 Pol.
387 3304 455 3369 CV
475 3311 597 3368 secutus
619 3327 698 3382 sum,
723 3311 884 3385 propteroa
906 3308 985 3388 quod
1007 3306 1043 3367 ad
1065 3306 1263 3394 Quaestorum

86 3408 290 3485 magistratum
312 3404 381 3466 talis
404 3422 474 3466 oura
495 3407 591 3482 magis
613 3407 764 3483 pertinere
785 3408 914 3485 poterat.

127 3527 167 3570 eu
186 3506 220 3569 S.
239 3504 274 3568 C.
296 3501 399 3588 prol)
421 3504 596 3566 Emendatio
613 3502 735 3565 Pithoei
756 3507 821 3583 est,
843 3505 880 3565 ab
903 3504 1113 3584 interpretibus
1130 3501 1265 3582 probata.

87 3605 169 3668 Libri
200 3622 303 3666 omnes
330 3623 369 3666 er
392 3622 429 3665 eo
452 3603 540 3685 quod.
571 3602 651 3686 quod
673 3605 822 3666 retinuere
846 3602 987 3681 Corrad,
1017 3602 1089 3665 Soh.
1112 3605 1289 3682 (verteus;·

87 3707 145 3767 wie
173 3724 227 3766 nus
258 3704 324 3763 dem
349 3702 519 3782 Vorgauge
549 3705 636 3764 uuter
662 3702 719 3764 deu
741 3700 899 3766 Censoren
919 3703 1053 3765 Licinius
1075 3704 1134 3764 und
1155 3702 1265 3763 Fabius

87 3803 235 3876 etbellet)
257 3806 288 3864 et
308 3801 410 3864 Heiur.

127 3907 163 3970 C.
184 3903 307 3965 Licinio
328 3886 474 3965 Caesulla
495 3906 572 3977 eto.)
603 3899 648 3965 C:
677 3902 815 3983 elpepnio
844 3903 887 3975 (i.
911 3920 939 3964 e.
962 3900 998 3965 C.
1019 3900 1151 3975 Licinio)
1172 3884 1269 3962 {sule

88 4015 117 4068 et
135 4004 224 4086 sabio
247 4001 433 4065 censoribus.
469 4000 515 4065 U:
537 4003 570 4064 C.
593 4002 718 4064 Licinio
741 4001 863 4064 ooesule
885 4002 964 4075 [sle]
985 4010 1016 4063 el
1035 4001 1132 4064 Fabio
1156 4019 1266 4067 censo-

88 4104 182 4167 ribus.
211 4102 258 4164 V:
280 4102 313 4164 C.
334 4101 467 4164 biniano
489 4116 576 4163 coris.¹
598 4111 629 4164 el
648 4101 748 4165 Fabio
771 4121 852 4165 oens.
889 4098 972 4166 Idddi
994 4102 1028 4165 C.
1050 4101 1182 4164 Liuiano
1205 4102 1268 4166 Ce-

88 4206 158 4268 sulu
179 4212 211 4266 et
228 4200 279 4264 M.
300 4200 399 4262 Fabio
421 4201 614 4264 Censoribus.
656 4201 789 4266 Liuiano
817 4201 988 4282 eomupteia
1009 4206 1072 4279 est,
1099 4206 1268 4282 propagata

88 4323 129 4366 ex
151 4304 278 4366 obsoura
300 4301 415 4362 eodiois
438 4298 464 4360 U
487 4301 619 4363 lectione
646 4302 771 4364 Lioioio
796 4320 852 4383 pro
873 4300 1009 4364 Licinio.
1050 4299 1184 4363 Blondus
1205 4300 1266 4362 Fa-

88 4404 154 4465 bius
182 4402 203 4466 Ι.
226 4419 253 4463 o.
275 4398 418 4477 exhibet:
448 4399 483 4463 C.
511 4401 657 4464 breelatio
685 4410 715 4463 el
736 4401 856 4465 Cesone
875 4400 1066 4464 Consulibus.
1110 4401 1187 4463 Hinc
1209 4400 1268 4460 riri

85 4502 168 4579 >,docti
194 4499 248 4562 alii
274 4496 363 4560 aliter
383 4498 481 4560 locum
503 4502 732 4564 ooustitueruul.
775 4498 908 4565 Corrad:
936 4500 970 4565 C.
992 4501 1115 4563 Licinio
1137 4498 1268 4562 Consule

1309 341 1358 418 91
