2978 4988
454 322 526 395 DE
552 321 743 415 Aotmlc
768 322 1050 404 buculcus.
1324 318 1396 395 121

119 564 293 625 structura
328 566 504 647 constant,
542 580 642 650 quam
679 568 714 630 et
744 560 821 630 suis
853 559 1067 655 temporibus
1101 567 1135 630 et
1160 554 1298 630 fidelem

117 667 190 740 lieri
218 682 365 765 oportet.
415 669 585 745 idoneum
610 683 807 746 structurae
832 686 970 773 tempus
998 686 1054 747 est
1079 698 1101 745 a
1122 670 1297 745 Kalendis

117 784 304 882 Aprilibus
340 788 372 858 in
406 786 591 859 Kalendas
616 789 864 864 Novembres:
901 792 947 862 ita
979 800 1017 861 ut
1053 795 1216 886 optimum
1253 788 1298 858 sit

117 902 338 974 intermittere
372 927 448 974 eam
482 914 614 999 partem
650 907 814 1000 aestum,
852 930 941 1002 quae
975 906 1088 978 nimiis
1121 902 1297 978 caloribus

116 1016 354 1107 incandescit3
395 1027 475 1115 quia
509 1033 781 1117 temperamento
816 1022 905 1094 coeli
940 1044 1029 1118 opus
1065 1031 1138 1115 est,
1179 1036 1216 1091 ut
1251 1044 1296 1090 ex

116 1132 259 1206 lrumore
300 1137 480 1210 commode
519 1150 693 1209 structura
729 1138 902 1210 combibat
936 1148 972 1209 et
1004 1139 1037 1208 in
1069 1136 1298 1209 universitate

115 1250 369 1323 corroluuetur.
420 1254 500 1324 Nou
532 1256 646 1325 minus
679 1265 810 1343 autem,
848 1277 950 1349 quam
977 1252 1050 1343 sol,
1086 1253 1202 1325 acrior
1227 1274 1296 1347 ge-

114 1366 194 1437 latio
231 1369 398 1464 praecipit
432 1372 636 1441 materiam:
677 1396 742 1443 uec
776 1370 881 1442 ullum
918 1394 1008 1468 opus
1043 1367 1297 1465 diligentiorem

116 1484 230 1579 poscit
262 1507 397 1579 carram.
433 1510 536 1580 quam
563 1485 656 1581 quod
682 1510 793 1581 aquae
822 1487 1041 1558 obstaturam
1068 1500 1133 1557 est.
1183 1481 1295 1555 Fides

113 1604 230 1693 itaque
258 1600 333 1671 eius
360 1625 423 1696 per
449 1603 588 1695 singula
614 1602 807 1675 seerrmdum
834 1603 967 1699 legem,
996 1611 1112 1674 notam
1135 1599 1295 1674 (tionibus

115 1714 178 1788 sed
206 1742 224 1787 a
251 1722 374 1811 paucis
402 1717 644 1811 observatam,
681 1718 855 1816 exigenda
882 1730 947 1792 est.
998 1716 1088 1791 Illud
1115 1716 1198 1790 nulli
1225 1714 1291 1789 du·
1319 1709 1393 1785 124

113 1973 337 1989 —bn-——q
410 1982 414 1993 ¹

112 2122 170 2163 non
192 2102 312 2163 multum
336 2103 471 2167 discessi.
512 2105 557 2165 liu
580 2105 790 2165 sententiarum
813 2109 921 2183 caput:
944 2104 1023 2181 nimii
1045 2102 1163 2164 calores
1185 2104 1293 2162 nocent

111 2202 296 2264 structurae-t
318 2220 377 2263 nou
399 2204 492 2263 minus
514 2208 603 2264 nocet
624 2204 755 2282 gelati03
777 2202 929 2282 plurimum
951 2208 1048 2263 autem
1069 2207 1160 2264 nocet
1179 2219 1265 2281 aqua.

151 2309 233 2365 etin
256 2306 387 2374 ienitate]
416 2303 463 2365 V:
486 2313 516 2363 et
536 2307 689 2363 nrunitute.
717 2304 740 2363 F
759 2302 802 2364 0:
825 2314 854 2363 et
873 2306 1024 2363 siccitate.
1101 2362 1106 2371 ,

149 2404 224 2465 Nou
245 2406 342 2463 ereinuc
364 2407 438 2476 ete.)
461 2404 641 2463 Accuratius
664 2403 820 2482 inquirenti
842 2402 885 2463 sic
907 2401 1077 2461 necessario
1094 2403 1293 2477 transponen-

109 2503 163 2575 dus
184 2502 255 2563 milri
276 2502 435 2563 videbatur
456 2501 562 2579 locus,
585 2501 681 2561 adbuc
704 2502 885 2562 constitutus
905 2498 984 2561 huuc
1006 2502 1036 2560 iu
1058 2499 1193 2560 modum:
1216 2496 1293 2557 Nou

107 2608 202 2664 miuus
224 2612 324 2663 aretem
344 2602 394 2661 sol
415 2607 535 2677 uerior,
558 2622 644 2684 quam
665 2602 796 2680 pelolio,
816 2619 924 2681 praec.
940 2635 981 2641 —-
1007 2596 1080 2661 Cel
1098 2596 1141 2660 ti:
1165 2596 1290 2659 celatia.

146 2722 202 2764 nee
222 2703 329 2772 aritiam]
363 2702 392 2763 l'
410 2707 440 2762 ct
458 2702 526 2762 edd.
543 2714 613 2762 rec:
634 2722 729 2784 oeque
744 2701 846 2763 ullum.

148 2823 236 2887 puum
258 2796 360 2883 pseud)
391 2801 419 2862 l*
434 2802 473 2862 F:
497 2821 684 2883 preumpuum.

147 2909 228 2976 etus]
260 2902 288 2963 l'
304 2902 329 2962 ll
348 2920 405 2961 om.
440 2901 531 2961 lidom
555 2902 648 2962 inl‘ra:
671 2901 729 2962 sed
747 2905 872 2983 parteis.
894 2919 951 2961 non
974 2900 1062 2962 nralc.

144 3007 316 3085 prosimos)
346 3001 392 3062 V:
414 3005 561 3081 proprios
583 3001 694 3064 ductus
715 3022 755 3062 uc
778 3006 836 3084 qui.
866 3001 905 3063 F:
925 3004 1072 3082 proprios
1092 2999 1203 3061 dirutus
1224 3002 1286 3081 pai·
1322 3008 1371 3065 124

146 3124 166 3164 u
193 3102 255 3164 Vll
273 3102 369 3174 unilt.)
399 3100 451 3159 Sic
482 3118 522 3159 ex
548 3100 628 3161 Arta
652 3104 682 3161 i.
705 3108 734 3161 o.
760 3104 807 3162 14.
832 3106 868 3163 15
895 3100 1062 3161 enreudarit
1092 3098 1160 3161 l‘ol.
1205 3097 1287 3159 Libri

105 3220 208 3266 omues
230 3205 261 3261 ct
283 3199 372 3261 Sela:
395 3198 451 3260 l'l.

144 3300 256 3381 stupuit
275 3306 371 3372 eust.)
402 3296 445 3360 G:
467 3300 596 3378 sinpulis
616 3304 757 3361 sustinet.

143 3404 286 3461 maiorem
307 3432 345 3441 -
370 3395 547 3477 destituent]
581 3398 632 3459 Ex
655 3399 703 3458 ed.
724 3417 771 3477 pr.
794 3418 851 3461 eun
870 3398 944 3463 Pola
971 3401 1069 3459 maior
1087 3415 1166 3478 pure
1185 3414 1285 3479 apuu-

102 3522 166 3562 non
191 3498 298 3562 L'rbem
321 3497 472 3559 destituet.
502 3516 557 3561 nec
579 3497 665 3559 aliter
687 3497 799 3575 legitur
825 3503 855 3561 in
877 3500 987 3560 celcris
1009 3516 1083 3580 quas
1104 3497 1178 3557 novi
1200 3496 1284 3570 cdd..

102 3600 154 3661 sed
177 3598 305 3661 Rumam
326 3596 427 3658 addito
444 3602 515 3676 post
533 3598 651 3661 Urbem.
679 3599 786 3660 Lectio
809 3618 880 3660 saue
898 3597 1051 3658 commoda
1067 3599 1115 3658 cst
1131 3600 1161 3658 ct
1178 3595 1283 3656 facilis.

102 3697 214 3762 Contra
236 3700 266 3759 iu
288 3697 382 3757 tribus
404 3697 492 3758 codd.
513 3698 623 3760 rideo:
650 3702 793 3759 rnuiorem
811 3708 930 3779 purtem
950 3718 1000 3780 ap.
1025 3694 1116 3759 Urbis
1136 3695 1288 3758 destituet.

98 3798 178 3879 quod
196 3796 316 3857 retinuit
332 3794 424 3874 Scir..
449 3797 591 3859 destituet
605 3800 717 3859 mutato
735 3800 764 3858 in
782 3799 970 3875 destitueret,
993 3797 1139 3861 renuens:
1161 3815 1196 3859 so
1216 3796 1286 3857 dass

100 3896 165 3958 lbre
188 3895 454 3974 Unterbrcclnmg,
477 3915 561 3957 uenn
586 3898 632 3957 sic
655 3896 763 3975 notbig
783 3904 881 3975 o'ttre,
904 3898 991 3958 eincu
1012 3904 1177 3973 grttsscrcn
1193 3894 1284 3957 Tbcil

99 3995 152 4057 der
182 3997 345 4059 Gerrttsser
374 3996 427 4058 der
453 3994 542 4058 Stadt
569 3995 763 4058 blossstellcn
789 3996 904 4057 ottrdc.
946 3998 1030 4059 Bene
1058 3998 1088 4058 id
1110 3996 1226 4078 quidem
1248 4014 1282 4057 se

98 4092 243 4173 baberet,
265 4095 291 4155 si
311 4094 471 4158 Frontinus
492 4098 687 4176 scripsisset:
709 4096 768 4157 bue
791 4091 834 4175 [i.
852 4113 880 4155 e.
902 4093 977 4156 baec
1001 4115 1068 4173 ros,
1089 4094 1166 4156 baec
1186 4097 1282 4157 inter-

99 4196 214 4275 ruptio)
244 4199 387 4256 leuiorem
414 4198 473 4256 etc.
526 4196 637 4258 blelior
665 4200 714 4257 est
740 4196 907 4257 emendatio
935 4192 1110 4258 Corradinl:
1139 4200 1283 4257 maiorem

96 4304 215 4374 purtem
230 4326 270 4336 —-
289 4294 464 4370 destituent,
487 4313 532 4356 sc.
555 4296 598 4356 illi
621 4297 740 4357 ductae.
777 4294 908 4376 Eamque
930 4296 1183 4373 emendationem,
1206 4313 1282 4376 quae

99 4392 225 4460 acerbi.
248 4391 358 4453 lincolai
380 4397 490 4455 tanturn
514 4394 632 4457 litterae
658 4394 891 4475 cumponenda,
919 4412 938 4455 a
958 4394 1086 4457 librariis
1105 4413 1160 4475 pro
1183 4394 1280 4457 lubitu

99 4498 130 4550 et
158 4491 269 4551 omissa
295 4496 326 4552 ct
352 4493 467 4570 addita,
497 4494 610 4575 dill'ert,
639 4514 739 4557 veram
762 4506 833 4555 csse
855 4493 966 4555 iudico.
1009 4494 1187 4557 Destituere
1207 4492 1229 4555 i.
1251 4512 1280 4555 e.
