2978 4950
367 308 447 386 DE
480 309 704 406 *novoli
736 309 1070 398 DUOTIBUS.
1311 304 1361 393 11

177 564 289 637 equae
322 566 433 616 venos
461 542 630 618 ‘Venocis
670 567 868 643 cognomen
900 545 1018 622 datum
1053 556 1118 621 est.
1171 544 1250 624 Sed
1282 547 1363 644 quia

171 658 209 729 is
236 659 324 731 intra
351 682 478 732 annum
503 669 539 734 et
563 683 631 734 sex
656 684 812 758 menseS,
856 661 1026 762 deceptus
1058 689 1079 736 s
1106 664 1244 762 collega
1270 681 1362 739 tam-

81 831 297 850 *-

174 909 276 991 soppl.
294 908 363 990 ejus
384 908 522 971 additum
533 954 543 973 .
554 953 563 973 .
576 956 584 975 .
596 919 627 973 to
650 916 825 992 connomine
836 957 845 977 .
857 957 867 976 .
878 957 887 977 .
899 957 908 977 .
921 912 1005 975 denti
1025 914 1237 978 Gemellorum.
1262 915 1293 976 in
1313 914 1362 977 Vt

174 1028 287 1070 romum
314 1010 473 1089 Aequitac
500 1008 539 1072 al
565 1015 691 1075 a...in
717 1012 820 1094 suppl.
849 1020 896 1075 est
916 1012 1055 1075 additum
1075 1032 1238 1094 coqnomen
1260 1013 1365 1078 decem

175 1109 388 1172 Gemellorum.
428 1110 526 1170 Paris.
547 1109 571 1172 i
591 1110 627 1180 J:
659 1112 819 1192 Attonitae
839 1130 941 1174 ramos
969 1108 1039 1192 [Η
1049 1127 1059 1174 r
1080 1120 1210 1189 ramum)
1232 1113 1271 1176 ci
1291 1114 1364 1176 mil-

176 1209 268 1270 liario
283 1251 293 1270 .
307 1252 317 1272 .
331 1253 341 1272 .
355 1213 386 1271 iu
398 1211 510 1311 *suppl
531 1210 601 1289 ejus
629 1208 685 1292 [iz
714 1215 776 1284 est]
803 1211 931 1276 additos
960 1207 1000 1291 [i
1020 1213 1057 1275 J:
1085 1211 1238 1284 additum)
1261 1220 1363 1277 ...to

174 1321 337 1388 coqnomcn
372 1308 476 1371 decem
501 1309 712 1374 Gemellorum.
752 1312 796 1375 13:
825 1312 986 1392 Aoqnstae
1016 1331 1118 1373 ramus
1150 1311 1188 1374 ab
1216 1312 1362 1374 milliario

177 1449 280 1472 .....
292 1411 323 1470 iu
342 1408 448 1491 suppl.
469 1410 538 1489 ejus
559 1409 668 1471 addito
692 1421 886 1491 coqnomento
909 1410 1014 1475 decem
1035 1411 1245 1474 Gemellorum.
1267 1410 1364 1472 Etiam

177 1525 253 1597 quoe
280 1508 310 1570 in
332 1504 481 1587 0nuphrii
504 1506 618 1572 Conni.
651 1511 700 1571 est
728 1510 822 1572 editio
851 1509 943 1573 habet
970 1509 1079 1573 addito
1109 1517 1316 1590 coqoomento,
1333 1511 1365 1570 in

177 1607 290 1668 cctcris
313 1607 413 1669 cnmJ
435 1609 638 1670 consentiens.
682 1607 756 1672 Sch.
778 1611 808 1671 in
829 1613 893 1672 not.
922 1629 965 1673 cr.
986 1609 1130 1693 Polenom
1157 1610 1242 1671 recte
1265 1607 1365 1669 locum

177 1705 356 1786 explevisse
390 1707 522 1772 iudicet:
556 1710 684 1771 attamen
709 1708 751 1771 V.
779 1708 898 1771 2lllnd
925 1708 965 1770 ab
993 1711 1131 1789 Aoqostc
1160 1708 1253 1769 mutat
1273 1709 1303 1769 in
1325 1706 1365 1770 alr

174 1807 332 1897 Aqrt'ppa,
373 1810 405 1869 et
432 1808 500 1868 ante
528 1809 669 1889 imposito
698 1809 805 1871 luserit
832 1813 891 1887 iis,·
933 1809 1061 1890 (lenique
1088 1810 1119 1870 in
1147 1811 1223 1870 text.
1245 1825 1364 1869 recens.

176 1924 268 1986 porro
291 1907 439 1982 corrigit:
462 1905 600 1984 additos,
621 1912 763 1972 usitatum
783 1912 834 1972 cci
854 1926 1016 1990 coquomcn
1044 1917 1093 1971 est
1113 1907 1281 1988 Continenti
1301 1906 1365 1993 Ge-

177 2005 343 2070 mellarcm.
385 2005 508 2086 Heium,
531 2008 561 2068 in
583 2008 694 2069 ceteris
714 2005 783 2070 Pol.
805 2011 949 2087 secutus,
975 2012 1193 2088 proimpcsito
1216 2007 1295 2083 legit
1316 2011 1366 2068 in-

178 2103 265 2170 ditos
293 2104 402 2166 Heinr.
423 2104 515 2186 filius,
539 2103 680 2187 Carolus,
702 2125 757 2188 pro
779 2106 985 2189 respondenti,
1014 2107 1096 2189 quod
1117 2125 1175 2167 non
1196 2107 1271 2173 setis
1293 2104 1366 2167 lati-

178 2221 244 2265 num
270 2206 356 2283 putot
385 2201 454 2286 (-
474 2205 531 2266 sed
557 2206 622 2267 vid.
650 2203 721 2266 lnd.
748 2226 776 2267 s.
797 2207 844 2267 v.'
865 2205 914 2270 Gi.
936 2205 1073 2283 Strateg.
1095 2205 1196 2267 Praei.
1218 2202 1273 2266 Ill.
1295 2204 1368 2267 libri

178 2302 541 2386 respondenttitolis-),
564 2304 688 2366 coniicit
699 2294 883 2385 c'onqruenti.
918 2305 1012 2369 Unum
1023 2323 1069 2365 nic
1080 2292 1258 2382 suspensum
1272 2305 1367 2381 tenet,

97 2486 100 2491 Ι
179 2419 283 2465 accus.
305 2422 419 2464 romum
439 2403 587 2480 additum,
610 2422 628 2464 c
648 2401 734 2481 libris
756 2404 958 2466 confirmatus:
982 2421 1101 2486 exona
1123 2400 1310 2481 difficultate,
1339 2403 1367 2463 si

181 2500 324 2564 librorum
344 2500 438 2566 lectio
461 2521 520 2565 non
541 2506 590 2565 cst
611 2503 731 2582 spuria,
764 2504 914 2586 quomodo
936 2521 982 2565 nne
1004 2502 1179 2582 expediam,
1205 2520 1282 2564 nnnc
1308 2519 1367 2564 ne-

180 2602 258 2665 scio.
286 2603 354 2665 Non
375 2605 473 2684 potui,
495 2603 566 2685 quin
587 2604 674 2663 unius
695 2600 793 2665 Poris.
815 2601 974 2666 lectionem
995 2602 1204 2683 amplecterer.

220 2701 265 2762 cil
285 2702 360 2764 mill.
388 2697 457 2782 Vl.)
499 2701 531 2765 V
546 2699 626 2766 FO:
654 2701 699 2765 ml
723 2721 761 2767 m.
788 2721 886 2766 enom.
926 2702 1004 2764 Mox
1026 2700 1069 2765 C:
1097 2705 1235 2765 sinistro.
1261 2698 1367 2763 Paris:

180 2800 497 2868 DCCGGLXXXXI.
1383 2866 1385 2871 ,

223 2896 406 2982 Collatiam)
434 2902 525 2964 Hanc
539 2902 661 2965 formam
683 2905 715 2965 et
733 2901 785 2965 hic
805 2898 999 2984 pertinaciter
1020 2904 1143 2963 servant
1162 2897 1231 2961 libri
1254 2918 1369 2979 onnes,

181 3002 213 3062 et
233 3000 304 3065 Art·
322 3004 363 3063 io
384 3002 516 3083 plurimi,
539 3001 721 3083 exceptisV
742 3004 773 3064 ct
792 3001 943 3063 nonnullis
970 3001 1052 3078 edd„
1074 3018 1150 3081 quac
1173 2999 1369 3062 Collatinum.

184 3099 331 3181 Compare
350 3102 462 3164 edicet
483 3102 596 3165 Lotirm
616 3120 671 3181 pro
693 3101 836 3165 Latinos.
856 3133 899 3145 ν-
920 3105 1051 3183 occipit)
1076 3098 1150 3161 Sch.
1173 3103 1317 3180 concipit.

222 3202 267 3264 cil
287 3200 457 3276 Gemellos)
481 3201 528 3264 lta
548 3200 586 3262 U.
608 3199 641 3261 ln
663 3202 786 3280 ceteris,
810 3203 897 3263 etiam
919 3199 1015 3261 Poris„
1037 3198 1200 3261 Gemellos.

221 3323 337 3386 passos
361 3288 645 3377 VKGCCLXXX)
689 3299 736 3364 (lt
760 3310 907 3383 passuum
939 3319 995 3361 sec
1014 3298 1099 3360 milio
1119 3303 1255 3358 trecenta
1275 3316 1372 3357 scoo-

182 3407 277 3484 9inta.
319 3400 364 3465 U:
386 3420 531 3485 posonem
551 3421 608 3463 sex
627 3399 712 3463 milia
732 3408 885 3463 trecentos
905 3401 1071 3478 octoqinta.
1093 3395 1211 3472 lingua
1223 3395 1370 3475 postulet,

184 3507 216 3564 ut
237 3499 386 3564 scribatur
406 3501 476 3565 velt
503 3520 621 3585 posses
648 3520 706 3574 seo
725 3500 824 3563 millio
845 3505 996 3561 trecentos
1017 3500 1181 3576 octoqinta.
1206 3496 1276 3558 vel:
1301 3496 1372 3576 effi-

184 3606 229 3663 cit
242 3601 460 3681 lonqitmlinem
473 3620 687 3684 passnemsce
696 3600 822 3663 millium
843 3604 1041 3661 trecentorum
1062 3600 1228 3676 octoqinta.
1253 3595 1371 3658 Art-iit

184 3701 281 3782 efficit
306 3699 522 3781 lonqitodinem
546 3718 694 3783 passuum
719 3698 889 3782 quindecim
913 3696 1038 3759 millium
1066 3698 1126 3758 etc.
1175 3693 1227 3760 Gi.
1249 3695 1318 3758 Art
1341 3698 1371 3770 i.

187 3807 234 3863 io.
258 3805 308 3864 11.
333 3805 380 3865 ll.

225 3905 283 3963 imo
305 3900 441 3963 Piittctt
462 3900 560 3974 clivo)
583 3898 658 3964 Polt
680 3899 735 3961 ool
757 3896 848 3960 Puit.
876 3895 940 3958 Sed
963 3892 1005 3958 Οἱ
1030 3895 1172 3958 distribui
1193 3939 1257 3960 ...
1279 3940 1288 3960 .
1314 3900 1372 3958 imo

118 4082 121 4089 Ι
177 4000 313 4083 pellicii
333 4002 427 4063 cilvo.
449 4000 492 4063 U:
515 3999 658 4063 distribui
678 4002 749 4061 onio
773 3999 831 4058 imo
851 3994 981 4080 pollicit
1001 3996 1073 4058 alvo
1098 3992 1138 4076 [i.
1153 4013 1182 4058 e·
1204 3996 1286 4058 ciloo
1308 3996 1330 4055 i.
1343 4013 1372 4055 e.

185 4097 298 4183 clivo).
321 4100 369 4164 V:
393 4101 561 4163 distribui.
578 4146 587 4164 .
603 4143 635 4163 ..
663 4102 734 4160 onio
762 4113 820 4158 ono
846 4095 971 4179 pollice
1002 4095 1132 4178 pellicii
1153 4095 1237 4158 aloc.
1274 4094 1371 4155 Paris.

185 4198 209 4260 ll
230 4199 256 4262 0
277 4200 297 4262 J
319 4203 351 4261 et
371 4217 440 4263 rec:
464 4200 606 4263 distribui
631 4198 725 4262 Vetus
745 4198 826 4260 Anio
847 4200 917 4258 eico
938 4195 1063 4277 pollice
1087 4188 1236 4275 [Paris‘l
1258 4197 1289 4254 et
1310 4210 1372 4254 rec.

187 4300 326 4376 ignorent
344 4296 488 4383 publico]
510 4299 640 4383 pellicii
662 4294 724 4380 (02
746 4291 906 4376 Publicio]
929 4296 1020 4357 olceo
1044 4289 1158 4376 [Paris.
1180 4296 1212 4354 et
1231 4293 1257 4354 B
1280 4295 1374 4370 igno-

186 4396 392 4480 tantalico).
436 4401 481 4461 En
495 4399 710 4481 ,corruptionis
737 4398 822 4480 quasi
850 4392 999 4471 historla3
1029 4412 1069 4455 ex
1096 4408 1155 4474 qua
1182 4392 1219 4454 de
1241 4392 1374 4454 Frontinl

188 4516 271 4562 manu
292 4518 351 4563 non
373 4500 501 4582 anplius
522 4501 571 4562 cst
592 4497 793 4560 dubitandum.
814 4495 854 4559 ci.
876 4493 1003 4556 Annott
1025 4494 1133 4574 Appia
1151 4490 1287 4553 restituit
1306 4488 1373 4552 Pol.
