2978 4988
415 341 487 418 DE
513 339 704 434 Aeone
730 338 1012 420 DUO'l'lBUS.
1310 339 1359 413 to

79 554 146 619 tum
174 541 390 640 respondere
415 540 557 615 modulo
584 565 662 635 suo,
692 540 757 614 sed
785 541 887 614 etlam
916 542 1130 632 exuberare;
1170 564 1260 637 quo—

77 663 167 732 tiens
193 681 282 732 vero
310 683 354 730 ex
382 658 572 752 humiliore,
606 657 642 730 id
668 669 724 730 est
748 659 881 732 minore
907 681 1088 754 pressura,
1123 657 1263 753 longius

79 777 235 869 (lucatur,
269 776 422 872 segnitia
447 773 576 846 duetus
601 773 742 847 modum
770 797 908 869 quoque
924 771 1148 870 deperdere:
1185 772 1263 846 ideo

79 889 273 965 seeundum
300 890 389 962 hano
415 891 585 963 rationem
611 902 673 964 aut
694 887 903 964 onerandam
927 913 1012 962 osse
1027 889 1267 987 erogationem

79 1021 138 1081 aut
163 1006 397 1080 relevandam.

154 1121 234 1199 Sed
254 1133 290 1196 et
309 1123 429 1196 oaliois
448 1123 579 1219 positio
600 1122 706 1195 habet
728 1131 948 1194 momentum.
999 1121 1040 1194 ln
1070 1133 1203 1195 reo-tum
1235 1131 1269 1195 et
1292 1119 1341 1194 36

80 1240 125 1314 ad
158 1239 281 1314 libram
317 1238 527 1335 collocatus,
567 1236 707 1313 modum
735 1249 875 1330 seruat3
917 1237 1128 1337 advorsum
1157 1263 1270 1335 aquae

80 1451 320 1471 Μ

124 1557 309 1644 deperdere)
338 1554 428 1622 CU:
463 1555 657 1638 deperderet.
687 1574 726 1618 ex
757 1574 815 1639 quo
839 1554 911 1616 Solt.
941 1555 1012 1617 lecit
1042 1554 1221 1637 deperdere,
1244 1564 1274 1617 et

82 1659 163 1722 ideo.
179 1660 275 1720 Beuo.

125 1766 180 1820 aot
202 1754 386 1819 onerandam
408 1752 485 1838 eto.)
510 1753 593 1818 GU:
616 1764 672 1816 aar
693 1754 850 1816 oneranda
877 1774 947 1816 esee
969 1759 1275 1834 crepationeaatre-

85 1855 229 1919 levanda.
278 1857 312 1918 J:
355 1864 410 1915 aut
443 1854 600 1917 oneranda
634 1863 681 1916 eet
708 1857 847 1932 eropatr'o
875 1863 930 1914 aar
956 1853 1132 1916 relevanda.
1176 1853 1276 1914 lutor-

83 1959 201 2037 pretor:
243 1957 295 2017 aut
338 1955 579 2034 comprimendos
619 1954 857 2035 minuendusque
905 1954 1060 2032 modulos,
1103 1958 1135 2014 ut
1182 1955 1277 2013 minor

85 2055 187 2116 estluat
229 2071 323 2137 aquae
366 2053 470 2133 copla3
514 2057 566 2115 aut
616 2052 798 2114 relaxandos
842 2053 1075 2134 augendaeque,
1119 2055 1151 2113 ut
1186 2053 1278 2111 maior

87 2171 181 2236 aquae
214 2152 302 2233 eopia
335 2152 457 2213 effluere
491 2156 591 2234 queat.
635 2151 725 2237 POlp
768 2152 871 2227 lrego:
908 2160 963 2213 eat
995 2151 1179 2213 onerandam
1211 2170 1281 2212 eoae

87 2247 224 2334 (aquam)
252 2256 430 2332 eropatt‘oae
461 2261 517 2314 aut
539 2250 745 2313 relevandam.
787 2249 926 2312 lllllNR.
965 2252 994 2311 in
1022 2269 1106 2330 quam
1135 2250 1279 2310 rationem

88 2349 162 2412 Solu.
185 2351 293 2413 vertite
321 2352 378 2412 und
409 2348 502 2411 daher
531 2350 606 2412 naoh
632 2352 745 2411 diesem
768 2348 962 2411 Vorltiltnise
983 2349 1013 2409 ln
1035 2349 1281 2423 Vrrauegahnng

87 2468 123 2509 nu
145 2448 285 2511 belasten
300 2451 374 2510 odor
388 2469 424 2509 nn
440 2448 626 2510 erleiohtern
640 2467 707 2526 sep.
730 2449 760 2509 V
776 2449 814 2510 F:
837 2451 983 2509 rationem
1006 2489 1203 2510 .......
1225 2456 1280 2506 aut

86 2548 237 2610 relevatio
260 2546 314 2621 (Fz
336 2580 378 2590 -
399 2545 511 2628 ortem).
550 2549 570 2609 J
582 2552 617 2609 2:
640 2555 695 2608 ant
718 2546 879 2608 oneranda
901 2566 969 2608 esee
990 2550 1128 2624 crapario
1150 2553 1205 2607 aut
1225 2567 1277 2605 re-

88 2646 232 2708 levanda.
253 2681 295 2690 -·-
316 2648 341 2707 B
364 2651 395 2707 et
416 2645 454 2711 al.
477 2665 538 2710 rea.
563 2648 676 2708 faciunt
697 2663 762 2707 oum
787 2645 856 2707 Pol.
880 2644 993 2708 lllelius
1022 2663 1094 2705 enne
1117 2647 1281 2706 eonveniro

89 2746 213 2806 ridetur
234 2765 344 2829 apuam
366 2765 494 2808 onerare
522 2745 566 2828 (l.
589 2765 617 2807 e.
646 2746 811 2824 retardare,
835 2745 1004 2816 hommem:
1043 2746 1090 2806 eui
1120 2745 1281 2823 opponitur

88 2845 229 2906 relevare
252 2847 288 2915 (i.
312 2864 339 2908 o.
362 2845 556 2923 erleiolttern,
581 2846 638 2907 deu
660 2845 750 2907 Fluss
772 2845 962 2916 hesdrdern);
1013 2844 1057 2906 At
1077 2846 1200 2924 primum
1222 2845 1278 2904 nb-

88 2944 141 3005 lat.
174 2949 352 3023 eropatr'ane
373 2942 446 3024 [pro
469 2949 499 3005 r'n
522 2945 625 3024 erup.)
649 2962 709 3006 non
731 2945 843 3023 ploret.
866 2943 941 3004 Tum
969 2963 1043 3005 vero
1074 2961 1200 3005 onerare
1227 2954 1281 3005 aut

89 3043 230 3105 relevare
251 3059 363 3124 apuam
384 3047 414 3105 r'a
436 3046 612 3123 eropatr'one
634 3045 739 3104 eodem
763 3062 854 3104 sensu
879 3044 937 3104 divi
954 3046 1069 3121 potest,
1088 3063 1146 3125 quo
1165 3062 1278 3122 eropu-

87 3147 198 3204 tionem
219 3159 347 3205 onerare
367 3149 422 3204 art
443 3143 597 3218 relevare,
626 3161 712 3224 quum
743 3145 881 3222 erepatio
905 3139 979 3203 salis
997 3144 1151 3203 commode
1174 3142 1277 3220 expli-

90 3242 150 3302 cari
181 3240 273 3301 liveat
306 3241 476 3320 „erogatio
507 3258 617 3324 aquae,
647 3241 752 3303 medus
780 3260 874 3322 aquae
903 3239 1111 3316 erogandae.“
1162 3238 1210 3302 Cf.
1239 3241 1276 3301 ad

88 3341 157 3402 Art.
178 3343 228 3403 36.

130 3439 242 3499 calicia
260 3445 348 3522 por.)
372 3439 485 3500 ealiet'e
507 3455 545 3499 ex
566 3438 586 3498 J
608 3438 734 3500 luseruit
754 3438 820 3500 Pol.
843 3439 876 3500 ln
892 3438 924 3500 V
944 3439 968 3499 l*
990 3440 1076 3500 etiam
1099 3444 1130 3499 et
1150 3438 1274 3501 deside·
1307 3443 1341 3495 36

14 3573 17 3579 ·
91 3546 182 3597 ratur.
206 3535 368 3599 Praeterea
387 3537 518 3614 Argent.
541 3540 572 3599 et
592 3538 632 3600 B:
656 3541 819 3619 oppositio.
1000 3616 1002 3622 Ι

130 3634 254 3712 servat)
277 3654 316 3697 ox
338 3655 392 3697 sua
411 3638 481 3700 Joo.
503 3639 551 3699 ed.
575 3638 658 3698 dedit
678 3636 757 3716 Pol,
780 3641 903 3717 propter
925 3637 1080 3718 sequentia
1100 3626 1195 3718 rapte,
1217 3659 1273 3701 aa·

90 3739 153 3796 rm't.
198 3735 259 3796 Sed
287 3735 305 3794 J
334 3754 398 3795 vum
427 3737 522 3797 trihus
549 3737 637 3799 oodd.
660 3741 691 3796 et
713 3737 735 3796 F
756 3737 864 3813 legunt
884 3740 1021 3798 serravit
1042 3735 1101 3810 (Gt
1123 3724 1272 3824 servadJ:

91 3835 170 3915 quod
198 3831 323 3897 Corrad.
346 3837 377 3895 et
398 3834 470 3899 sm.
492 3838 602 3897 mumnt
622 3838 653 3897 in
674 3835 820 3897 servato.
857 3835 1019 3897 Praeterea
1038 3837 1069 3897 in
1090 3837 1110 3897 J
1132 3836 1272 3922 (Poleni)

91 3930 178 3992 loeus
200 3932 414 4012 interpretandi
436 3935 536 3996 studio
559 3937 605 3995 sio
627 3936 841 4014 corrumpitur:
871 3939 898 3995 si
919 3938 950 3994 in
970 3945 1086 3997 reatum
1106 3945 1136 3998 et
1156 3939 1200 4000 ad
1221 3942 1272 4006 lid.

92 4031 267 4093 collocatae
287 4039 345 4109 eet,
364 4031 482 4095 modam
503 4041 617 4095 servat.
649 4034 679 4093 in
706 4034 724 4093 J
756 4038 775 4093 2
804 4031 993 4114 (Solrultuiil
1022 4036 1153 4112 Argont.
1176 4042 1207 4100 et
1227 4041 1270 4103 B:

91 4139 264 4192 momentum
284 4138 315 4191 et
335 4134 365 4191 in
386 4141 501 4195 rectam
521 4141 552 4194 et
573 4131 616 4194 ad
638 4131 688 4194 ab.
711 4133 886 4195 collocatos
906 4137 936 4194 εἰ
955 4134 1071 4195 modom
1092 4144 1207 4201 servat.

132 4227 176 4288 ad
198 4223 334 4308 aureum)
356 4230 386 4291 V
409 4233 441 4292 et
462 4233 535 4296 edd:
558 4240 588 4294 et
609 4231 659 4293 ad.
682 4232 741 4292 Pro
764 4233 894 4314 ampliato
914 4233 944 4294 V
965 4233 988 4294 l'
1010 4234 1213 4316 amplitudini.
1240 4238 1275 4302 J:

93 4333 255 4408 oppositae
281 4326 427 4392 devexae.
478 4330 498 4390 J
520 4330 682 4406 [Poleni):
719 4335 747 4392 st
775 4337 936 4414 oppositae
962 4331 1155 4416 devevaopae
1182 4337 1266 4416 ampl

93 4426 111 4486 J
133 4433 152 4487 2
176 4421 359 4508 (Schultuii)
382 4430 511 4505 argent.
534 4432 619 4493 etB:
640 4435 669 4492 si
690 4434 852 4513 oppositae
874 4431 1102 4516 deverataopae
1123 4434 1215 4515 ampl.

69 4523 72 4531 '
133 4524 177 4587 ad
199 4527 298 4600 latae)
321 4529 346 4590 B
369 4533 400 4592 et
420 4529 448 4591 al
471 4542 537 4590 ree:
560 4529 604 4590 ad
625 4531 706 4593 ἰαιαε
727 4540 835 4593 ualeat.

1041 4628 1075 4698 4
