2978 4950
104 257 179 347 168
525 271 965 351 Annennnlenns

106 506 198 569 multa
219 512 302 570 reete
324 511 455 569 statuere
476 506 547 569 mibi
569 509 717 570 videatur.
750 507 801 571 Ad
821 513 954 572 namnum
976 505 1073 568 locum
1091 504 1224 567 Polenus
1246 496 1385 569 annotat:

105 622 217 701 „llaec
233 628 341 685 tamen
370 642 446 705 aqua
476 619 654 706 (Augusta)
683 623 856 703 ablarcia,
885 625 933 686 cui
962 623 1122 686 coniuncta
1149 625 1230 702 erat,
1259 638 1320 682 non
1342 623 1387 709 plu

105 737 363 816 distinguebatur,
391 741 429 802 -ut
459 754 514 819 pro
548 738 661 802 duabus
691 738 872 801 haberentur
898 738 1012 801 blaroia
1040 741 1072 798 et
1097 736 1190 798 bace:
1220 755 1285 797 nam
1312 735 1387 796 baec

102 850 235 915 Marciae·
248 853 390 915 ‚immixta
410 854 562 935 proprium
584 853 738 918 amittebat
753 872 878 933 nomen,
901 872 1016 937 unaque
1030 828 1147 914 'Mareia
1163 850 1386 945 reputabatur.“

6 1054 9 1059 ‚
105 965 196 1028 immo
220 965 307 1046 (Art.
322 966 360 1048 b)
387 968 425 1030 ad
453 967 621 1047 milliarium
641 966 687 1029 Vl
708 968 760 1030 vii
780 962 980 1032 Praenestina
998 969 1135 1048 proxime
1155 944 1234 1030 uiam
1256 964 1388 1043 collare

6 1062 14 1079 ’
101 1099 166 1143 uam
195 1101 292 1145 rannus
320 1084 482 1161 Augustae
508 1084 621 1165 accipit
647 1085 777 1164 iontem,
807 1084 829 1146 i.
848 1096 879 1148 e.
910 1105 950 1146 ex
969 1085 1114 1162 Augusta
1141 1085 1311 1146 secernitur
1336 1082 1386 1145 vel

103 1198 256 1260 derivatur
275 1216 347 1278 pars
368 1218 481 1282 aquae,
515 1203 547 1262 et
566 1197 759 1277 longitudine
780 1218 919 1280 passuum
941 1193 1024 1263 0080
1051 1199 1080 1259 in
1101 1170 1389 1298 Appiarpiniundi-

101 1315 159 1376 tur.
200 1311 290 1374 Falso
321 1316 398 1376 enim
424 1313 477 1376 illo
506 1313 576 1376 loeo
604 1335 707 1378 ramus
731 1304 892 1396 Augustae
918 1334 935 1376 a
956 1316 1034 1377 viris
1056 1316 1154 1376 doctis
1175 1317 1298 1399 putatur
1319 1330 1389 1374 esse

98 1430 255 1508 Augusta,
278 1431 298 1490 i.
316 1450 344 1494 e.
366 1432 434 1510 ipsa
454 1450 531 1512 aqua
541 1422 705 1512 Augusta,
728 1435 760 1493 et
779 1430 940 1509 Augustae
963 1432 1052 1510 origo
1075 1413 1230 1509 tribuitur,
1253 1446 1329 1511 quae
1352 1429 1390 1489 ad

100 1545 167 1606 eius
189 1563 298 1607 ramum
320 1550 431 1608 tantum
452 1546 603 1626 pertinet,
631 1548 682 1629 qui
692 1547 952 1638 <fontemaccipit
959 1588 970 1625 ,
992 1546 1014 1608 i.
1024 1529 1060 1610 e.
1083 1545 1232 1623 excurrit,
1256 1562 1296 1606 ex
1318 1542 1390 1604 Au-

99 1663 207 1736 gusta:
236 1661 282 1720 sic
310 1661 385 1725 euim
412 1660 507 1741 gerba
531 1662 646 1757 [entem
672 1665 791 1744 accipit
817 1660 1013 1741 intelligenda
1035 1666 1122 1739 sunt,
1153 1679 1212 1721 non
1234 1660 1272 1721 de
1293 1661 1390 1739 prima

99 1793 193 1855 aquae
215 1775 378 1852 Augustae
401 1776 532 1865 origine.
575 1776 670 1839 Porro
691 1778 752 1839 Dio
775 1769 994 1839 Cassius-LIV
1015 1777 1164 1856 prodidit,
1187 1776 1290 1856 aquam
1311 1774 1387 1836 Vir-

98 1890 201 1966 ginem
226 1889 262 1950 ab
285 1889 425 1969 Agrippa
445 1892 579 1970 propriis
601 1893 767 1971 sumptibus
789 1892 818 1952 iu
839 1890 947 1953 Urbem
969 1910 1041 1952 esse
1063 1893 1235 1968 adductam,
1263 1908 1388 1970 canaque

102 2021 208 2067 nomen
237 2006 396 2084 accepisse
423 2004 607 2084 Augustam.
652 2007 718 2094 Qua
750 2007 787 2070 de
819 2027 853 2073 re
884 1987 1042 2092 Fabrettds
1074 2006 1136 2070 Nro
1158 2009 1220 2068 354
1252 2004 1411 2086 coniicit„

103 2119 230 2182 itionem
247 2096 600 2201 Virginem'conl‘udisse
622 2140 686 2183 cum
702 2122 823 2203 Appia,
836 2129 929 2207 'quam
946 2120 1107 2202 Augustae
1128 2139 1225 2184 rannus
1247 2119 1388 2202 supplet3

102 2253 226 2318 eamque
254 2237 432 2298 senteutiam
459 2237 569 2316 probat
595 2237 741 2300 Polenus.
784 2237 874 2303 bnrrro
899 2238 987 2300 aliter
1008 2257 1069 2317 ego
1092 2237 1202 2299 sentio.
1244 2235 1388 2296 Nimirum

63 2389 64 2392 =
101 2350 245 2430 Augusta
271 2370 331 2413 non
356 2354 405 2413 est
426 2353 455 2413 in
477 2370 597 2415 nunrero
620 2371 759 2435 aquarum
781 2355 867 2434 primi
891 2356 1023 2432 ordinis,
1054 2354 1123 2436 quia
1145 2352 1210 2413 eius
1229 2362 1306 2432 aqua
1327 2354 1387 2412 nod

102 2469 171 2545 lpso
201 2470 320 2529 nomine
349 2469 378 2529 iu
400 2467 508 2530 Urbem
536 2470 704 2546 inducitur,
734 2474 767 2532 ut
794 2489 888 2552 aquae
912 2475 1049 2531 ceterae:
1077 2466 1256 2529 subsidiaria
1277 2468 1394 2526 tantum*

103 2601 178 2664 aquia
200 2589 265 2662 cst,
288 2585 369 2665 quod
391 2589 494 2646 teneas
516 2584 626 2663 uelim,
649 2584 857 2665 supplemento
880 2586 1016 2646 serviens
1037 2582 1169 2645 blarciac
1191 2586 1222 2643 et
1244 2579 1389 2655 Claudiae

105 2695 191 2777 (Are
211 2695 283 2780 ln),
305 2699 450 2778 supplens
471 2704 579 2778 postea.
590 2702 682 2760 ctiam
699 2703 846 2779 Appiam3
868 2702 996 2761 nominis
1013 2703 1110 2760 autem
1127 2696 1275 2774 siugulari
1292 2713 1387 2779 aquae

104 2815 205 2875 ductui
235 2815 366 2893 impositi
394 2814 536 2874 bonorem
565 2817 706 2896 nusquam
736 2815 876 2876 obtinuit.
920 2815 973 2876 Sic
995 2814 1150 2890 Virginem
1176 2830 1294 2894 quoque
1317 2812 1386 2872 Au-

102 2935 194 3006 gusta
220 2911 372 2991 adiuvisse
401 2930 537 3025 videtur:
566 2934 598 2990 ut
619 2948 661 2990 ex
681 2929 750 2991 Art.
769 2935 808 2991 10
828 2930 934 3002 verbis
953 2939 983 2991 et
1004 2911 1306 3012 compluribuculiis
1327 2946 1387 2989 ae-

104 3045 318 3128 quisilionibus
334 3045 483 3122 colligere
501 3051 566 3123 est3
590 3047 724 3128 quamuis
746 3047 840 3125 ipsum
863 3045 904 3106 ibi
926 3064 1074 3125 reponere
1096 3044 1257 3122 Augustae
1279 3061 1387 3104 nomen

60 3152 63 3160 ’
103 3162 225 3222 caudacis
258 3163 348 3224 soret..
401 3162 504 3243 ltaque
536 3163 696 3240 Agrippa,
730 3162 816 3223 etiam
848 3163 976 3223 sororinis
1006 3161 1151 3222 bonorem
1182 3159 1386 3234 restituturus,

104 3279 262 3354 Virginem
290 3280 458 3340 oonnmsse
481 3279 601 3342 ridetur
621 3278 809 3356 Augustam,
839 3279 972 3359 quamvis
995 3278 1098 3355 eadem
1120 3279 1220 3354 sorte,
1250 3291 1308 3354 qua
1329 3291 1387 3334 an-

104 3400 171 3473 tea,
193 3413 297 3455 nomnen
321 3414 379 3455 non
402 3395 432 3455 in
452 3393 564 3470 vulgus
586 3394 713 3471 exierit,
735 3394 789 3455 sed
811 3394 909 3472 Virgo
932 3411 1039 3479 nomen
1061 3391 1258 3471 superaverit.
1285 3389 1387 3450 Deni-

104 3530 161 3593 que
191 3513 272 3571 trans
296 3511 429 3571 Tiberim
451 3527 570 3592 quoque
591 3509 728 3586 Virginis
752 3528 853 3592 aquam
876 3512 906 3570 in
928 3508 1016 3571 Urbis
1038 3507 1209 3586 Regiouem
1230 3503 1307 3567 XIV
1329 3506 1386 3566 de-

104 3630 220 3688 ductam
254 3627 349 3685 tuisse
376 3623 449 3700 lego
487 3628 556 3705 (ap.
579 3625 718 3688 Schultz.
740 3626 779 3688 V.
802 3622 861 3708 il:
900 3642 1051 3707 quaeres
1081 3642 1137 3684 nos
1163 3622 1320 3697 admonet,
1349 3639 1386 3682 ne

102 3760 305 3824 praepropere
328 3743 469 3801 iaciamus
493 3743 522 3802 in
545 3741 681 3803 delendis
700 3743 805 3803 verbis
827 3743 896 3803 Art.
913 3746 932 3802 4
954 3760 1031 3823 qaae
1051 3738 1157 3800 eadem
1172 3745 1303 3798 coeatur
1316 3737 1386 3798 Aa·

102 3867 210 3939 gusta,
233 3861 264 3917 et
285 3857 354 3916 Art.
372 3860 406 3917 ll
431 3876 508 3939 pone
529 3869 659 3920 crocatur
678 3864 828 3939 Augusta.
870 3859 942 3920 Nam
966 3858 992 3917 si
1015 3854 1107 3917 Dioni
1128 3853 1213 3913 tidem
1234 3853 1385 3931 adiungis,

102 3973 259 4048 Virginem
283 3972 394 4032 direnti
410 3981 545 4034 voratam
564 3995 632 4036 csse
649 3976 838 4054 Augustam,
862 3973 936 4036 nibil
954 3978 1019 4050 est,
1043 3969 1122 4052 quod
1138 3969 1281 4029 Frontino
1299 3967 1384 4029 fidem

105 4091 256 4164 deroges,
286 4086 403 4148 duobus
432 4086 508 4148 locis
536 4093 681 4169 narranti,
711 4093 798 4152 etiam
821 4091 1000 4152 Alsietinam
1024 4087 1200 4148 nominatam
1223 4101 1293 4144 esse
1315 4082 1384 4143 Au-

102 4209 231 4280 gustam.
254 4209 308 4246 -'
335 4202 440 4264 Nostri
471 4203 530 4264 loci
557 4207 672 4267 auxilio
700 4208 831 4266 sortasse
859 4207 947 4266 etiam
975 4204 1011 4263 ad
1041 4203 1187 4276 originem
1207 4195 1341 4258 Marciae
1367 4216 1385 4258 a

100 4319 200 4381 Plinio
230 4319 350 4379 relatam
374 4322 420 4389 (v.
442 4319 479 4378 ad
503 4318 570 4380 Art.
589 4325 627 4394 i)
658 4321 884 4397 intelligendam
914 4319 1038 4398 propius
1066 4315 1211 4377 accedere
1236 4313 1383 4374 ridemur.

95 4410 215 4494 Etenim
242 4453 299 4496 oron
324 4436 387 4496 sola
405 4435 564 4514 Angusta,
589 4457 663 4518 qum
686 4442 746 4498 {³00
769 4454 878 4517 possus
902 4434 976 4495 ultra
993 4434 1126 4495 blanciae
1149 4432 1259 4491 iontem
1282 4431 1385 4491 nasci-
