2978 4988
470 319 859 398 pannonum.
959 290 962 295 ’
1266 319 1347 398 xv

63 552 172 625 tism
198 548 405 624 adiicere
437 552 625 649 placuit.
675 553 757 628 Art.
783 551 878 627 ¹100:
919 577 971 627 ex
999 552 1201 630 Senatus
1235 576 1347 629 cou-

62 684 205 760 sulto.
255 682 423 757 Nondum
457 683 614 758 codicem
646 710 692 759 ex
725 687 751 760 J
785 710 950 761 manasse
985 685 1169 760 affirmas?
1235 685 1350 783 Atqui

65 817 251 893 adversari
285 815 458 891 indicabis
490 817 573 892 Art.
605 816 640 892 5.
674 818 733 892 ubi
766 818 870 915 legit:
916 818 1275 893 substructione
1306 827 1350 893 ct

65 974 209 1047 supra
234 958 400 1022 terram
425 973 564 1046 opere
591 959 786 1024 arcuato
811 952 1016 1047 proxime
1042 949 1114 1042 ad3
1157 951 1182 1026 J
1209 958 1349 1026 contra:

65 1082 419 1179 subscriptione
445 1091 670 1179 etsupra3
698 1091 801 1180 atque
828 1082 985 1157 codicem
1011 1107 1057 1156 ex
1083 1082 1269 1158 edBasib
1293 1080 1350 1159 au'.

66 1212 189 1310 1513,
229 1215 264 1291 in
289 1214 382 1287 illam
406 1214 591 1287 lectionem
616 1216 847 1312 conspiranti,
888 1239 972 1289 esse
1000 1214 1213 1313 descriptum
1239 1214 1365 1307 dicens

65 1347 180 1422 Immo
206 1369 322 1443 neque
347 1371 393 1422 ex
418 1347 528 1420 Basil.
555 1370 670 1444 neque
696 1372 742 1421 ex
767 1348 793 1421 J
819 1371 899 1421 eum
925 1346 1096 1444 duxisse,
1137 1370 1217 1420 cum
1241 1347 1269 1420 J
1289 1355 1350 1421 ta·

66 1503 150 1555 men
173 1481 359 1554 maximam
384 1477 513 1553 habere
539 1480 691 1554 omnium
716 1504 808 1578 quos
831 1481 994 1554 novimus
1018 1480 1184 1554 librorum
1205 1478 1351 1578 propin·
1477 1553 1479 1557 ,

71 1612 255 1709 quitatem,
292 1627 328 1686 et
353 1612 479 1708 extiis,
509 1635 601 1708 quae
624 1613 692 1685 iam
718 1615 986 1710 proposuimus⁷
1015 1623 1159 1710 apparet
1184 1622 1219 1687 et
1243 1635 1351 1710 praua

69 1745 195 1819 sertim
220 1744 373 1818 elucebit
396 1769 443 1818 ex
467 1745 523 1836 iis,
552 1768 641 1842 quae
667 1744 835 1844 deinceps
860 1745 1087 1845 proponenda
1111 1755 1204 1819 sunt.
1238 1742 1351 1822 Scili-

69 1886 130 1952 cet
155 1875 271 1952 codex
295 1876 383 1974 legit
406 1876 489 1952 Art.
516 1875 561 1950 3:
597 1890 809 1974 quantum
834 1890 966 1952 extra
991 1879 1167 1976 urbem,
1208 1900 1352 1976 quan-

69 2019 162 2083 tum
199 2009 340 2104 intra,
379 2010 575 2106 quisque
608 2011 766 2085 modus
805 2012 993 2108 cuique,
1033 2013 1233 2109 quoique
1270 2032 1352 2085 re·
1454 2034 1459 2050 ¹

71 2141 220 2241 gioni3
260 2165 339 2239 pro
364 2166 448 2216 suo
475 2141 655 2217 modulo
680 2167 980 2242 unaquaeque
1006 2166 1220 2241 aquarum
1245 2166 1353 2216 ser-

70 2276 179 2350 viat.
231 2273 314 2350 Art.
339 2271 384 2349 5:
419 2273 639 2349 distribui
665 2277 816 2351 Vetus
841 2277 980 2374 Anio,
1015 2278 1120 2351 vico
1146 2274 1378 2351 Publicii'

72 2407 157 2483 Art.
188 2405 235 2482 7:
278 2405 332 2482 ad
362 2407 629 2481 milliarium
652 2409 937 2507 trigesimum
963 2418 1194 2505 octavum,
1234 2407 1355 2481 sini-

75 2528 290 2616 strorsus
316 2564 456 2639 supra
482 2542 680 2638 spatium
707 2565 928 2639 passuum
955 2540 1255 2616 ducentorum
1292 2537 1357 2613 si-

72 2674 169 2749 nita
194 2673 635 2748 substructionibus
660 2699 774 2773 pene
799 2676 954 2749 statim
978 2674 1182 2773 stagnino
1210 2672 1359 2748 colore

74 2804 348 2906 praeviridi.
398 2805 481 2881 Art
514 2805 582 2881 88:
625 2832 711 2883 non-
738 2832 846 2882 esse
872 2833 963 2883 eam
994 2806 1242 2906 ponendam
1266 2804 1360 2880 nisi

75 2962 207 3035 quom
244 2950 551 3013 consummata
590 2940 741 3015 fuerit.
804 2940 965 3016 Easdem
1001 2963 1151 3038 prorsus
1188 2939 1360 3015 lectiones

73 3069 372 3170 deprehendimus
398 3071 474 3146 inJ
499 3074 614 3170 iisque
640 3096 730 3172 quae
756 3073 952 3173 posthanc
979 3097 1137 3147 excusae
1163 3082 1245 3146 sunt
1269 3068 1361 3167 edd,

78 3206 147 3279 nisi
173 3203 268 3300 quod
291 3203 375 3279 Art
399 3201 425 3278 3
450 3205 593 3302 ignorat
618 3207 836 3304 quoique,
872 3206 954 3282 Art.
980 3204 1006 3280 5
1032 3217 1112 3304 post
1136 3206 1243 3280 vico
1270 3200 1364 3277 addit

77 3335 291 3435 publico,
330 3336 465 3412 Ant
497 3362 562 3435 pro
588 3332 725 3437 supra
752 3340 898 3438 praebet
922 3341 1059 3433 intra,
1100 3338 1183 3414 Art
1216 3334 1266 3408 88
1299 3357 1365 3434 pro

80 3492 214 3567 quom
237 3469 326 3567 legit
349 3495 458 3544 cum.
492 3468 596 3562 Quae
621 3468 777 3546 varietas
802 3497 869 3548 nos
897 3472 1069 3546 convertit
1094 3469 1138 3544 ad
1164 3469 1268 3544 alium
1285 3465 1366 3543 ion·
1451 3476 1467 3507 '‘

68 3611 162 3699 -tem,
191 3626 238 3677 ex
263 3625 332 3699 quo
361 3612 397 3676 et
421 3603 448 3676 J
474 3612 507 3677 et
533 3602 647 3678 codex
673 3616 795 3679 noster·
827 3606 938 3702 repeti
965 3603 1110 3700 debent,
1146 3602 1191 3678 ad
1224 3602 1367 3696 fontem7

81 3733 275 3811 editoribus
301 3735 460 3810 Frontini
484 3735 598 3810 adhuc
623 3738 791 3834 ignotum.
853 3738 1027 3811 Nimirum
1053 3761 1123 3811 non
1148 3761 1194 3811 ex
1221 3734 1371 3810 editione

84 3869 230 3965 recenti,
257 3867 325 3941 sed
350 3869 563 3966 ex'antiquo
591 3869 715 3945 codice
740 3895 818 3967 ms,
847 3868 983 3966 eodem,
1013 3894 1059 3944 ex
1086 3893 1155 3967 quo
1182 3869 1219 3964 J,
1256 3865 1372 3942 codex

86 4001 274 4076 Parisinus
300 4010 357 4075 est
382 4001 594 4101 descriptus.
645 4003 882 4102 Argumentis
908 4001 998 4077 adde
1031 4002 1130 4076 haec.
1165 3999 1373 4094 Lectiones,

87 4157 178 4231 quae
202 4135 239 4208 in
262 4134 358 4209 nullo
386 4135 454 4210 alio
480 4135 571 4212 libro
596 4137 835 4233 inveniundo,
873 4135 939 4210 sed
964 4135 1044 4209 huic
1071 4134 1184 4209 codici
1210 4132 1376 4232 propriae

88 4277 181 4365 sunt,
210 4277 394 4363 enotsntur
419 4266 496 4342 hae.
547 4268 632 4344 Art.
659 4267 703 4344 1:
731 4293 875 4343 nosse
903 4268 1008 4366 quid
1033 4267 1240 4364 suscepi.
1300 4266 1377 4340 lbi-

91 4399 193 4475 dem:
232 4400 316 4475 sed
351 4422 468 4498 quom.
519 4402 601 4478 Art.
635 4401 678 4476 3:
720 4403 947 4477 cultiores
986 4426 1046 4475 res
1086 4399 1392 4498 appellantes.'

90 4533 174 4610 An.
198 4533 252 4611 dr·
271 4557 350 4634 par
375 4559 519 4611 annos
536 4533 837 4615 cccxxxxl.
872 4533 1012 4612 Artbz
1040 4532 1381 4608 substructione
