2978 4988
491 316 935 408 ,statmomunloittim
1283 321 1357 406 iii

69 567 235 650 cipiantur.
266 567 296 626 iu
322 563 369 625 his
396 564 592 646 quinariarum
620 580 780 643 numerus,
809 580 885 646 quae
914 566 944 626 in
966 571 1054 627 aiens
1077 565 1276 646 recipiuntur,
1305 584 1357 629 re-

69 684 217 764 spicitur,
248 681 318 743 loco
341 679 437 760 modi,
466 679 496 741 in
516 678 633 760 piscina
653 681 802 741 mensuris
823 680 934 759 positis
955 681 1043 746 tuiti:
1073 682 1243 765 exquibus
1266 683 1358 746 eriu-
1400 757 1402 762 ¹
1443 728 1445 732 -

69 801 167 877 citur,
196 797 331 876 modum,
361 797 411 879 qui
441 796 471 858 in
497 796 615 876 piscius
636 796 785 858 mensuris
805 795 918 875 positis
939 795 1084 874 inritatur,
1114 799 1239 860 eundem
1261 799 1358 862 fuisse

71 934 137 977 cum
160 933 197 976 eo
214 914 321 991 modo,
344 914 395 994 qui
416 916 488 992 post
508 913 652 992 piscinam
674 913 705 974 in
726 928 813 972 arcus
834 911 1045 992 recipiebatur.
1078 912 1163 975 Unde
1180 917 1359 979 sententiam

69 1029 176 1094 saitem
204 1031 249 1091 roi
278 1048 338 1090 non
365 1029 505 1090 absonam
532 1029 705 1091 restitueris
731 1027 828 1090 hane:
857 1027 937 1090 idern
966 1029 1113 1102 (modus)
1140 1049 1206 1091 cum
1228 1050 1281 1109 eo,
1309 1036 1360 1116 qni

70 1152 157 1209 circe
187 1143 230 1227 [i.
249 1164 277 1206 e.
306 1164 422 1225 prope,
449 1144 530 1205 haud
555 1143 651 1222 louge
673 1147 711 1216 a)
741 1146 893 1225 piscinam
919 1148 951 1206 in
972 1164 1067 1206 erens
1089 1148 1251 1227 excipitur.
1295 1147 1359 1212 Sed

69 1264 143 1346 quid
171 1281 248 1324 nunc
277 1261 329 1322 fiet
356 1261 478 1322 verbis:
509 1260 628 1322 ductum
656 1260 760 1323 eodem
787 1254 919 1322 cenati?
959 1260 1029 1339 Ego
1057 1262 1231 1323 medicinam
1257 1263 1359 1326 iacere

69 1397 129 1442 uon
158 1397 292 1458 possum.
336 1378 432 1438 Etiam
461 1375 550 1454 libri,
580 1395 639 1458 quo
667 1375 766 1439 locum
795 1394 902 1437 sanare
928 1394 1053 1456 speres,
1082 1375 1155 1438 nihil
1177 1383 1358 1457 suggerunt.

70 1493 104 1557 iu
127 1492 153 1558 C
175 1513 236 1572 ego
259 1493 372 1554 video:
395 1512 481 1576 enom
503 1510 539 1554 ee
562 1496 621 1575 pei.
666 1490 711 1556 U:
735 1511 801 1554 cern
822 1510 858 1554 ee
882 1491 965 1575 qnid.
1007 1491 1095 1558 vn:
1115 1497 1229 1575 positia
1250 1496 1281 1556 in
1302 1499 1360 1558 iter

71 1631 137 1673 cern
159 1613 210 1694 qni
230 1630 278 1674 ce.
301 1606 344 1690 (i.
362 1629 391 1671 e.
410 1613 512 1682 eirea)
531 1612 675 1691 piscinae
697 1608 780 1670 dect.
812 1604 972 1671 Praeterea
992 1628 1048 1689 pro
1071 1613 1102 1671 in
1123 1630 1216 1673 ereas
1237 1608 1360 1694 excipi-

70 1737 139 1805 tur,
170 1728 251 1808 quod
280 1725 348 1790 Pol.
375 1723 534 1805 vulgavit,
565 1727 596 1786 in
619 1724 756 1787 omuibus
776 1723 863 1786 libris
885 1722 1018 1803 legitur:
1048 1728 1079 1787 in
1099 1746 1175 1791 erce
1195 1731 1359 1810 excipitur.

71 1841 202 1921 Malum,
231 1843 312 1925 quod
334 1842 421 1904 etiam
442 1842 536 1903 verba
556 1841 635 1903 infra
656 1841 832 1923 sequentia,
860 1850 916 1903 unt
935 1856 1014 1925 qnae
1033 1846 1065 1904 in
1086 1863 1181 1906 arcus
1201 1847 1360 1928 recipitur,

73 1955 102 2021 in
124 1959 233 2043 quihus
255 1959 386 2020 fortasse
408 1956 521 2040 aliquid
542 1957 617 2019 latet
637 1956 761 2036 auxilii,
786 1959 818 2019 in
841 1957 928 2021 codd.
949 1961 1143 2039 pessumdata
1165 1956 1254 2022 sunt!

155 2079 187 2136 in
214 2079 372 2156 conceptis
400 2079 496 2148 corn.)
525 2072 658 2135 Polenus
680 2072 739 2135 hoe
762 2074 839 2135 idem
862 2093 933 2136 esse
955 2077 1094 2155 opinatur
1114 2077 1196 2159 quod
1221 2082 1253 2139 in
1275 2095 1360 2141 eom»

72 2195 238 2255 menturiis.
260 2207 335 2273 quae
359 2190 526 2251 accuratius
549 2190 731 2269 exponenda
750 2193 814 2251 erat
830 2191 945 2268 opinio.
977 2190 1026 2251 De
1044 2193 1253 2271 conceptionis
1270 2193 1360 2256 ruodo

72 2310 103 2371 iu
121 2305 339 2370 eonrmentariis
355 2305 507 2383 adscripto
526 2305 708 2383 disserenti,
726 2302 813 2365 licuit
823 2305 965 2367 Frontino
982 2305 1126 2367 insolenti
1141 2305 1239 2389 atiquo
1256 2308 1360 2388 mede,

73 2427 106 2487 et
126 2442 165 2486 ne
184 2440 303 2501 semper
319 2420 444 2482 eandem
460 2438 521 2481 rem
539 2420 645 2481 iisdem
662 2418 766 2480 verbis
781 2419 942 2500 redderet,
965 2430 1116 2504 concepte
1137 2426 1249 2498 (neutr.
1264 2420 1360 2515 plur.)

74 2541 177 2602 dicere
198 2556 253 2619 pro
273 2536 382 2615 ,modi
404 2535 590 2615 concepti“,
620 2537 642 2597 i.
660 2554 688 2600 e.
710 2535 940 2616 compreheusI,
963 2537 1127 2618 descripti,
1149 2541 1279 2602 numeris
1301 2546 1360 2606 ei·

73 2657 185 2738 pressi.
219 2653 387 2717 Notandum
411 2657 460 2715 est
480 2652 539 2715 hoc
561 2651 799 2729 substantivum,
822 2671 840 2714 a
862 2653 948 2732 solo,
971 2655 1051 2737 quod
1074 2656 1181 2734 seiam,
1204 2655 1360 2733 Frontino,

75 2773 132 2834 sed
154 2771 270 2832 duobus
291 2769 387 2848 iocis,
412 2769 566 2848 usitatum,
591 2772 622 2829 et
643 2767 874 2849 lexicographis
895 2769 992 2832 adhuc
1013 2770 1209 2848 incognitum.
1252 2771 1362 2841 Fateor

76 2892 191 2966 tamen,
214 2885 322 2948 meiius
345 2887 454 2948 dietum
477 2886 574 2946 fuisse
596 2890 627 2946 in
649 2890 860 2968 conceptionis
880 2887 981 2950 mede.

158 3013 297 3085 concept.
319 3002 453 3075 modum)
477 3001 545 3063 Art.
562 3004 620 3066 66:
642 3002 774 3084 amptius
797 3022 884 3086 onam
900 3007 932 3065 in
949 3008 1170 3070 commentariis
1186 3008 1364 3088 conceptio*-

75 3127 124 3185 nis
145 3119 262 3183 medum
282 3119 450 3200 siqnificcri
472 3117 613 3180 dicimus.
656 3117 727 3180 nra
751 3120 809 3182 tl:
832 3119 1008 3182 Alsietinus
1029 3122 1240 3200 conceptionis
1259 3118 1366 3188 madet

76 3256 134 3303 nee
155 3243 186 3300 in
208 3255 312 3298 comm.
333 3236 511 3317 adscriptus
532 3243 589 3296 est.
631 3233 700 3298 Art.
717 3216 780 3296 65:¹
798 3236 925 3318 Appiae
946 3239 978 3296 in
994 3254 1097 3298 comm.
1119 3235 1298 3318 adscriptas
1319 3242 1368 3303 ott

77 3354 201 3429 modus,
223 3350 291 3414 scil.
314 3350 539 3430 conceptionis,
561 3368 638 3433 quae
659 3368 724 3411 vox
748 3351 835 3412 etiam
858 3352 945 3414 iuitIo
967 3350 1048 3416 Artt.
1066 3354 1116 3417 66,
1132 3354 1171 3414 et
1190 3355 1249 3415 etc.
1272 3350 1365 3417 intei-

77 3442 202 3550 ligcuda
231 3471 289 3530 ost.
332 3467 389 3528 nst
420 3469 518 3529 autem
550 3465 658 3528 modes
685 3471 896 3548 conceptionis
926 3467 1033 3528 medus
1064 3484 1158 3551 aquae
1188 3473 1365 3552 conceptae,

77 3586 225 3669 quantitas
246 3601 341 3667 aquae
364 3579 530 3659 collectae,
555 3582 793 3661 Fassuugsmass
815 3586 968 3655 (vertente
991 3582 1179 3656 Scituituio).

160 3720 215 3764 cas
236 3704 383 3773 cessare]
417 3696 560 3776 Scilicet,
589 3715 649 3759 non
671 3700 749 3759 enim
771 3717 823 3760 cas
846 3716 939 3782 aquae
962 3700 1113 3781 quinarias
1135 3705 1216 3763 2499
1236 3700 1366 3767 deiicere

32 3790 41 3803 x
76 3823 202 3900 propter
222 3819 428 3899 paupertatem
449 3831 543 3896 aquae
565 3814 706 3895 sontium,
728 3814 917 3880 nauitestun
939 3820 1068 3878 estete.
1111 3816 1199 3882 Pon.

696 4015 746 4078 68.

164 4168 272 4231 deinde
299 4171 401 4230 stetim
429 4186 469 4230 cn
488 4165 642 4238 Marcie)
670 4165 781 4229 Statim
808 4165 877 4248 iric,
906 4168 974 4231 Art.
993 4168 1052 4231 105
1084 4167 1207 4243 (statim
1227 4169 1266 4233 od
1287 4166 1366 4245 icc)

80 4290 113 4348 et
133 4284 203 4348 Art.
223 4288 282 4346 112
305 4288 429 4356 (statim
449 4283 610 4367 amplioris
628 4282 792 4364 fistulae),
814 4285 920 4367 quihus
943 4284 1021 4346 iocis
1042 4284 1248 4347 brevissimum
1270 4287 1367 4351 iuter-

67 4400 191 4462 ·vallum
214 4399 382 4478 significat,
407 4398 444 4460 ah
467 4401 633 4479 iuterprete
654 4398 744 4461 medii
766 4402 834 4462 aevi
856 4398 1065 4480 interpolatum
1088 4405 1152 4480 est;
1174 4420 1238 4464 nam
1261 4402 1315 4468 din
1336 4408 1369 4469 et

80 4521 182 4579 stetim
204 4517 242 4599 dc
263 4517 362 4596 spatio
384 4516 431 4576 usi
454 4533 514 4578 nun
535 4518 603 4580 suut
623 4520 694 4579 ante
710 4515 867 4598 Pomponii
883 4515 1005 4593 Melae,
1028 4535 1114 4598 quem
1131 4523 1258 4598 vocant,
1282 4525 1371 4585 actm
