2978 4988
388 304 468 386 DE
501 306 726 403 Aonas
759 305 1093 389 DUG'l'IBUS.
1335 305 1385 381 23

198 538 303 632 Quae
348 541 436 651 ratio
481 543 632 617 moverit
676 525 902 641 Angustum,
938 538 1284 640 providentissimum
1310 536 1359 612 11

99 655 320 754 Principem,
359 657 573 755 perducendi
606 658 820 733 Alsietinam
853 682 991 755 aquam,
1020 681 1109 755 quae
1137 665 1284 729 vocatur

99 771 281 870 Augusta,
307 774 490 849 nonsatis
515 775 703 872 perspicio,
731 774 859 849 nullius
878 776 1024 873 gratiae,
1051 774 1156 847 immo
1183 772 1286 844 etiarn

99 912 222 984 parurn
246 889 442 987 salubrem,
477 888 627 988 ideoque
652 913 825 987 nusquam
850 892 885 964 in
909 915 999 965 usus
1026 887 1143 987 populi
1169 887 1284 960 tluen-

98 1014 187 1094 tem;
220 1005 288 1077 nisi
305 1002 423 1102 torte,
459 1029 539 1080 curn
564 1030 655 1105 opus
679 1005 905 1080 naumachiae
932 1004 1206 1104 aggrederetur,
1241 1026 1286 1075 ne

100 1116 185 1214 quid
216 1119 471 1196 salubrioribus
504 1123 605 1218 aquis
640 1121 856 1219 detraheret,
895 1120 985 1195 hanc
1010 1122 1150 1218 proprio
1177 1142 1285 1215 opere

100 1232 265 1331 perduxit
290 1245 342 1334 et,
370 1236 464 1335 quod
488 1237 715 1313 naumachiae
743 1247 910 1336 coeperat
934 1259 1145 1334 superesse,
1173 1232 1282 1306 hortis

99 1349 363 1427 subiacentibus
378 1363 413 1427 et
424 1354 638 1453 privatorum
660 1355 784 1428 usibus
806 1353 851 1428 ad
864 1352 1078 1452 irrigandum
1096 1348 1284 1423 concessit.

99 1462 206 1543 Solet
236 1476 353 1543 tamen
387 1494 432 1544 ex
466 1495 509 1543 ea
550 1471 585 1543 in
619 1469 884 1544 Transtiberina
918 1470 1083 1567 regione,
1125 1464 1285 1562 quotiens

100 1592 227 1678 pontes
252 1583 453 1659 reficiuntur
486 1595 521 1659 et
553 1611 574 1659 a
607 1587 768 1660 citeriore
802 1588 878 1684 ripa
911 1608 1023 1683 aquae
1048 1591 1210 1675 cessant,
1239 1604 1284 1652 ex
1413 1632 1418 1641 .

99 1701 314 1774 necessitate
336 1702 371 1774 in
392 1700 585 1775 subsidium
604 1702 822 1798 publicorum
843 1702 1040 1774 salientium
1062 1698 1145 1771 dari.
1179 1694 1283 1772 Con-

100 1815 226 1911 cipitur
259 1841 305 1890 ex
337 1818 418 1890 lacu
441 1817 641 1912 Alsietino,
680 1819 738 1890 via
773 1816 941 1910 Claudia,
980 1816 1137 1889 milliario
1164 1811 1282 1904 xlv,

94 1929 306 2006 diverticrdo
333 1931 541 2008 dextrorsus
566 1957 737 2032 passuum
753 1915 821 2009 Vl.
846 1935 895 2010 l).
933 1934 1075 2009 Doctus
1102 1931 1179 2004 eins
1206 1926 1285 2002 elli-

97 2270 156 2333 per
173 2268 299 2333 possus,
322 2250 450 2312 omnium
471 2249 614 2313 librorum
637 2269 798 2315 consensu.
838 2250 912 2312 'l'am
933 2248 1029 2327 bunc,
1057 2265 1142 2329 qnam
1165 2247 1285 2309 ceteros

100 2349 301 2427 longitudinis
322 2368 461 2412 numeros
483 2350 513 2410 iu
537 2350 657 2411 dubium
678 2352 770 2413 vocet
790 2349 864 2412 Scb.

138 2454 282 2524 moverit)
304 2449 345 2512 F:
365 2453 467 2511 movit.
488 2448 536 2512 V:
557 2454 679 2514 monuit.
1321 2461 1350 2510 11

138 2564 329 2649 pervideat.)
351 2565 397 2628 lta
419 2566 455 2630 Ο.
497 2564 561 2628 Sed
583 2563 609 2626 U
631 2566 650 2627 J
657 2578 670 2629 t
697 2564 822 2648 prootd.
863 2562 953 2626 POL.
995 2562 1085 2625 immo
1112 2559 1182 2622 libri
1209 2577 1286 2643 qnos

99 2667 173 2727 novi
196 2683 300 2727 omncs
320 2663 432 2727 babent
449 2665 585 2747 prooid„
608 2666 696 2727 etiam
719 2663 757 2743 C,
781 2667 811 2726 in
833 2683 892 2747 qno
915 2664 1016 2726 littera
1036 2682 1068 2742 p,
1097 2661 1145 2722 cni
1168 2659 1285 2721 subno-

99 2770 179 2826 tatur
200 2763 280 2826 linea
302 2764 492 2826 circumflexa
513 2783 553 2826 ex
573 2767 745 2845 posteriore
766 2764 857 2826 buius
878 2763 997 2827 litterae
1019 2762 1109 2823 ductu
1126 2778 1182 2840 por
1198 2760 1285 2838 prio-

99 2883 161 2925 rorn
189 2862 387 2943 prolongata,
420 2865 469 2924 est
486 2881 564 2945 pro,
592 2864 694 2927 littera
713 2885 736 2947 p
758 2868 873 2944 autem,
901 2865 1061 2925 subnotata
1081 2860 1163 2922 linea
1183 2862 1284 2921 trans-

99 2981 203 3041 versa,
227 2965 275 3023 est
292 2983 360 3045 per.
403 2960 453 3025 Gt.
486 2963 524 3023 ad
551 2964 620 3027 Art.
650 2967 698 3026 18.
741 2964 830 3051 Quod
856 2966 952 3040 igitur
979 2966 1063 3024 recte
1091 2961 1288 3023 restituerunt

101 3062 225 3127 Corrad.
248 3060 321 3124 sm.
342 3062 374 3123 et
393 3058 498 3125 Heinr.
519 3062 646 3125 Per-oid.
668 3064 830 3124 inauditum
851 3062 1031 3125 vocabulum
1052 3062 1111 3122 est.

137 3158 343 3244 perducenda]
368 3159 426 3222 Six
447 3163 580 3223 correxit
602 3160 688 3239 sm,
711 3164 897 3223 assentiente
923 3160 1029 3223 lleinr.
1062 3159 1145 3222 Libri
1168 3172 1287 3220 omnes:

97 3261 191 3342 prod.
212 3260 259 3322 V:
285 3260 499 3343 producerent.
521 3261 617 3322 litiani
638 3259 735 3322 Paris.
755 3259 864 3343 prod„
893 3260 949 3322 sed
969 3260 1060 3322 rubro
1082 3257 1188 3320 colore
1210 3259 1288 3318 inter

100 3359 198 3421 lineas
221 3361 384 3436 corrigitur
402 3359 493 3442 perd.
515 3359 623 3422 Recte.
652 3378 684 3424 v.
706 3360 743 3420 ad
764 3359 833 3423 Art.
855 3365 885 3421 6.

140 3463 230 3521 ctiam
249 3478 283 3540 p.
304 3457 419 3533 solui.)
440 3457 472 3521 V
492 3459 512 3520 J
532 3462 564 3521 et
583 3472 652 3521 rec:
675 3467 757 3541 etp.
779 3458 939 3522 Praeterea
959 3458 1007 3523 V:
1029 3455 1089 3520 sul.
1111 3457 1190 3517 ratio
1215 3457 1289 3537 puio

102 3576 189 3640 eosq.
211 3555 276 3619 Sed
300 3555 392 3621 GU:
414 3556 545 3641 ideoque
565 3577 651 3641 cusp.

142 3656 378 3736 apprcderetnr)
403 3656 428 3721 0
450 3655 493 3719 U:
514 3657 705 3737 adprecatur.
727 3691 769 3702 —
789 3678 826 3719 ac
848 3656 935 3740 quid)
957 3655 1005 3719 V:
1032 3658 1109 3739 puis.

140 3755 308 3839 perduxit)
332 3755 377 3819 0:
396 3757 550 3838 perducit.
571 3757 648 3819 lllox
668 3759 704 3820 J:
726 3766 758 3820 et
778 3757 861 3841 quid.

146 3851 389 3936 subiacentibus)
414 3854 457 3919 G:
480 3855 634 3922 adiacent.
655 3892 697 3901 -
718 3858 762 3920 ud
783 3855 948 3936 irripund.)
972 3854 1057 3918 abest
1078 3874 1096 3916 a
1115 3853 1222 3917 ΠΟ.

143 3993 182 4035 en
202 3991 241 4034 ca
263 3975 294 4034 io
314 3969 439 4053 transt.)
461 3972 491 4034 V
513 3973 553 4035 F:
576 3995 615 4034 ea
635 3981 744 4035 transt.
767 3973 875 4033 mediis
899 3968 1029 4035 omissis.
1071 3969 1105 4032 ln
1134 3971 1242 4032 iisdem
1264 3970 1295 4030 in

102 4091 168 4155 seq.
191 4073 279 4134 deest
300 4080 432 4134 cessant.
454 4104 496 4116 u-
517 4075 689 4148 Alsr'etr'no)
713 4070 738 4134 Ο
760 4073 805 4135 V:
846 4072 1030 4133 distantiae.

143 4188 218 4249 mitt.
242 4186 342 4263 XIV)
366 4186 409 4250 O:
432 4197 539 4271 quarto
563 4189 691 4252 decimo.
713 4189 769 4250 sed
790 4207 882 4267 super
902 4186 1020 4249 litteras
1041 4205 1079 4248 or
1100 4204 1219 4245 amano
1234 4201 1296 4245 sco.

103 4290 235 4366 scriptae
258 4290 329 4350 sunt
349 4289 469 4350 litterae
492 4291 540 4363 in,
568 4292 601 4351 ut
627 4289 774 4349 eliciatur
803 4291 904 4369 quinto
934 4287 1001 4349 dec.
1045 4283 1208 4347 Cluverius
1231 4281 1296 4343 ttat.

103 4388 178 4451 Ant.
200 4406 231 4466 p.
253 4391 313 4448 524
335 4387 479 4466 corrigit:
506 4388 581 4452 rottt.
612 4387 737 4451 XV111.
768 4387 804 4448 de
828 4405 886 4470 qua
908 4386 1097 4450 correctione
1119 4404 1150 4446 v.
1172 4380 1239 4446 ror.
1262 4381 1300 4442 ad

105 4487 174 4550 nrt.
198 4488 247 4550 tl.
269 4489 333 4551 not.
354 4487 400 4554 X.
