<?xml version="1.0" encoding="UTF-8"?>
<!DOCTYPE html PUBLIC "-//W3C//DTD XHTML 1.0 Transitional//EN"
    "http://www.w3.org/TR/xhtml1/DTD/xhtml1-transitional.dtd">
<html xmlns="http://www.w3.org/1999/xhtml" xml:lang="en" lang="en">
 <head>
  <title>
</title>
<meta http-equiv="Content-Type" content="text/html;charset=utf-8" />
  <meta name='ocr-system' content='tesseract 3.04.00' />
  <meta name='ocr-capabilities' content='ocr_page ocr_carea ocr_par ocr_line ocrx_word'/>
</head>
<body>
  <div class='ocr_page' id='page_1' title='image "./sexjuliifrontin01dedegoog_0258.png"; bbox 0 0 2978 4988; ppageno 0'>
   <div class='ocr_carea' id='block_1_1' title="bbox 517 323 1384 419">
    <p class='ocr_par' dir='ltr' id='par_1_1' title="bbox 517 323 1384 419">
     <span class='ocr_line' id='line_1_1' title="bbox 517 323 1384 419; baseline -0.008 -13"><span class='ocrx_word' id='word_1_1' title='bbox 517 327 962 408; x_wconf 70' lang='lat' dir='ltr'><strong>ANNO&#39;I&#39;A&#39;I&#39;IONES.</strong></span> <span class='ocrx_word' id='word_1_2' title='bbox 1222 413 1227 419; x_wconf 18' lang='lat'><em>7</em></span> <span class='ocrx_word' id='word_1_3' title='bbox 1304 323 1384 399; x_wconf 73' lang='lat'><strong>215</strong></span> 
     </span>
    </p>
   </div>
   <div class='ocr_carea' id='block_1_2' title="bbox 95 561 1387 1577">
    <p class='ocr_par' dir='ltr' id='par_1_2' title="bbox 98 561 1382 748">
     <span class='ocr_line' id='line_1_2' title="bbox 99 561 1382 649; baseline -0.007 -20"><span class='ocrx_word' id='word_1_4' title='bbox 99 570 238 630; x_wconf 76' lang='lat' dir='ltr'><strong>iacimus.</strong></span> <span class='ocrx_word' id='word_1_5' title='bbox 282 567 385 628; x_wconf 75' lang='lat' dir='ltr'><strong>liciat.</strong></span> <span class='ocrx_word' id='word_1_6' title='bbox 414 566 509 643; x_wconf 81' lang='lat' dir='ltr'><strong>legit:</strong></span> <span class='ocrx_word' id='word_1_7' title='bbox 538 585 758 641; x_wconf 82' lang='lat' dir='ltr'><strong>mensurarum,</strong></span> <span class='ocrx_word' id='word_1_8' title='bbox 789 584 866 649; x_wconf 77' lang='lat' dir='ltr'><strong>qaae</strong></span> <span class='ocrx_word' id='word_1_9' title='bbox 884 568 1051 647; x_wconf 75' lang='lat' dir='ltr'><strong>posuimus,</strong></span> <span class='ocrx_word' id='word_1_10' title='bbox 1078 561 1217 640; x_wconf 65' lang='lat' dir='ltr'><strong>morium</strong></span> <span class='ocrx_word' id='word_1_11' title='bbox 1244 566 1275 625; x_wconf 89' lang='lat' dir='ltr'><strong>et</strong></span> <span class='ocrx_word' id='word_1_12' title='bbox 1296 581 1382 644; x_wconf 77' lang='lat' dir='ltr'><strong>seqq.</strong></span> 
     </span>
     <span class='ocr_line' id='line_1_3' title="bbox 98 680 802 748; baseline -0.011 0"><span class='ocrx_word' id='word_1_13' title='bbox 98 695 131 748; x_wconf 83' lang='lat' dir='ltr'><strong>et</strong></span> <span class='ocrx_word' id='word_1_14' title='bbox 151 705 252 747; x_wconf 88' lang='lat' dir='ltr'><strong>earam</strong></span> <span class='ocrx_word' id='word_1_15' title='bbox 272 688 408 747; x_wconf 78' lang='lat' dir='ltr'><em>notitiam</em></span> <span class='ocrx_word' id='word_1_16' title='bbox 429 682 541 744; x_wconf 84' lang='lat' dir='ltr'><strong>babeat</strong></span> <span class='ocrx_word' id='word_1_17' title='bbox 561 683 648 743; x_wconf 92' lang='lat' dir='ltr'><strong>uncis</strong></span> <span class='ocrx_word' id='word_1_18' title='bbox 670 680 802 744; x_wconf 89' lang='lat' dir='ltr'><strong>iuclusit.</strong></span> 
     </span>
    </p>

    <p class='ocr_par' dir='ltr' id='par_1_3' title="bbox 99 792 1385 1109">
     <span class='ocr_line' id='line_1_4' title="bbox 185 792 1383 879; baseline -0.004 -17"><span class='ocrx_word' id='word_1_19' title='bbox 185 821 242 864; x_wconf 88' lang='lat' dir='ltr'><strong>aec</strong></span> <span class='ocrx_word' id='word_1_20' title='bbox 261 804 363 862; x_wconf 85' lang='lat' dir='ltr'><strong>statim</strong></span> <span class='ocrx_word' id='word_1_21' title='bbox 379 798 418 862; x_wconf 90' lang='lat' dir='ltr'><strong>ab</strong></span> <span class='ocrx_word' id='word_1_22' title='bbox 439 796 514 879; x_wconf 85' lang='lat' dir='ltr'><strong>boe]</strong></span> <span class='ocrx_word' id='word_1_23' title='bbox 540 794 574 856; x_wconf 81' lang='grc' dir='ltr'><strong>ἐκ</strong></span> <span class='ocrx_word' id='word_1_24' title='bbox 596 792 734 874; x_wconf 78' lang='grc' dir='ltr'><strong>τούτου,</strong></span> <span class='ocrx_word' id='word_1_25' title='bbox 756 799 778 856; x_wconf 89' lang='lat' dir='ltr'><strong>i.</strong></span> <span class='ocrx_word' id='word_1_26' title='bbox 802 797 902 859; x_wconf 87' lang='lat' dir='ltr'><strong>statim</strong></span> <span class='ocrx_word' id='word_1_27' title='bbox 925 799 957 858; x_wconf 92' lang='lat' dir='ltr'><strong>ut</strong></span> <span class='ocrx_word' id='word_1_28' title='bbox 978 795 1038 858; x_wconf 88' lang='lat' dir='ltr'><strong>boc</strong></span> <span class='ocrx_word' id='word_1_29' title='bbox 1059 800 1168 859; x_wconf 85' lang='lat' dir='ltr'><strong>iactum</strong></span> <span class='ocrx_word' id='word_1_30' title='bbox 1191 801 1249 861; x_wconf 86' lang='lat' dir='ltr'><strong>est.</strong></span> <span class='ocrx_word' id='word_1_31' title='bbox 1292 795 1383 857; x_wconf 77' lang='lat' dir='ltr'><strong>immo</strong></span> 
     </span>
     <span class='ocr_line' id='line_1_5' title="bbox 99 912 1385 994; baseline -0.005 -15"><span class='ocrx_word' id='word_1_32' title='bbox 99 918 165 994; x_wconf 81' lang='lat' dir='ltr'><strong>leg.</strong></span> <span class='ocrx_word' id='word_1_33' title='bbox 209 915 246 977; x_wconf 89' lang='lat' dir='ltr'><strong>ob</strong></span> <span class='ocrx_word' id='word_1_34' title='bbox 272 915 341 977; x_wconf 89' lang='lat' dir='ltr'><strong>boc.</strong></span> <span class='ocrx_word' id='word_1_35' title='bbox 385 914 504 977; x_wconf 81' lang='lat' dir='ltr'><strong>Seneca</strong></span> <span class='ocrx_word' id='word_1_36' title='bbox 524 914 624 993; x_wconf 73' lang='lat' dir='ltr'><strong>Epist.</strong></span> <span class='ocrx_word' id='word_1_37' title='bbox 647 918 684 976; x_wconf 81' lang='grc'><strong>51</strong></span> <span class='ocrx_word' id='word_1_38' title='bbox 715 915 1064 993; x_wconf 78' lang='lat' dir='ltr'><strong>p.1tt,91.p.ato.</strong></span> <span class='ocrx_word' id='word_1_39' title='bbox 1092 912 1231 977; x_wconf 72' lang='lat' dir='ltr'><strong>Herba</strong></span> <span class='ocrx_word' id='word_1_40' title='bbox 1274 912 1385 977; x_wconf 83' lang='lat' dir='ltr'><strong>Ratio-</strong></span> 
     </span>
     <span class='ocr_line' id='line_1_6' title="bbox 101 1022 891 1109; baseline -0.004 -14"><span class='ocrx_word' id='word_1_41' title='bbox 101 1052 168 1095; x_wconf 84' lang='lat' dir='ltr'><strong>uem</strong></span> <span class='ocrx_word' id='word_1_42' title='bbox 192 1050 261 1093; x_wconf 87' lang='lat' dir='ltr'><strong>esse</strong></span> <span class='ocrx_word' id='word_1_43' title='bbox 283 1031 378 1109; x_wconf 72' lang='lat' dir='ltr'><strong>turigo</strong></span> <span class='ocrx_word' id='word_1_44' title='bbox 399 1029 497 1108; x_wconf 88' lang='lat' dir='ltr'><strong>aliam,</strong></span> <span class='ocrx_word' id='word_1_45' title='bbox 520 1029 673 1091; x_wconf 81' lang='lat' dir='ltr'><strong>docuimus</strong></span> <span class='ocrx_word' id='word_1_46' title='bbox 690 1029 727 1090; x_wconf 87' lang='lat' dir='ltr'><strong>ad</strong></span> <span class='ocrx_word' id='word_1_47' title='bbox 748 1022 827 1090; x_wconf 63' lang='lat' dir='ltr'><strong>Aa:</strong></span> <span class='ocrx_word' id='word_1_48' title='bbox 840 1033 891 1092; x_wconf 84' lang='grc'><strong>68.</strong></span> 
     </span>
    </p>

    <p class='ocr_par' dir='ltr' id='par_1_4' title="bbox 184 1145 990 1220">
     <span class='ocr_line' id='line_1_7' title="bbox 184 1145 990 1220; baseline -0.001 -10"><span class='ocrx_word' id='word_1_49' title='bbox 184 1169 286 1210; x_wconf 83' lang='lat' dir='ltr'><strong>cerum</strong></span> <span class='ocrx_word' id='word_1_50' title='bbox 306 1145 439 1209; x_wconf 78' lang='lat' dir='ltr'><strong>eiusdem</strong></span> <span class='ocrx_word' id='word_1_51' title='bbox 461 1147 597 1220; x_wconf 84' lang='lat' dir='ltr'><strong>laminis)</strong></span> <span class='ocrx_word' id='word_1_52' title='bbox 620 1162 663 1206; x_wconf 88' lang='lat' dir='ltr'><strong>sc.</strong></span> <span class='ocrx_word' id='word_1_53' title='bbox 687 1145 860 1210; x_wconf 89' lang='lat' dir='ltr'><strong>subiiciatur</strong></span> <span class='ocrx_word' id='word_1_54' title='bbox 881 1145 990 1211; x_wconf 71' lang='lat' dir='ltr'><strong>fistula.</strong></span> 
     </span>
    </p>

    <p class='ocr_par' dir='ltr' id='par_1_5' title="bbox 95 1258 1387 1577">
     <span class='ocr_line' id='line_1_8' title="bbox 183 1258 1384 1352; baseline -0.005 -26"><span class='ocrx_word' id='word_1_55' title='bbox 183 1263 357 1346; x_wconf 76' lang='lat' dir='ltr'><strong>perpetes</strong></span> <span class='ocrx_word' id='word_1_56' title='bbox 380 1258 613 1347; x_wconf 71' lang='lat' dir='ltr'><strong>quinquaqinta]</strong></span> <span class='ocrx_word' id='word_1_57' title='bbox 636 1262 715 1352; x_wconf 80' lang='lat' dir='ltr'><strong>Quid</strong></span> <span class='ocrx_word' id='word_1_58' title='bbox 736 1261 795 1326; x_wconf 84' lang='lat' dir='ltr'><strong>beo</strong></span> <span class='ocrx_word' id='word_1_59' title='bbox 817 1262 981 1341; x_wconf 82' lang='lat' dir='ltr'><strong>significet,</strong></span> <span class='ocrx_word' id='word_1_60' title='bbox 1006 1279 1131 1342; x_wconf 84' lang='lat' dir='ltr'><strong>exseq.</strong></span> <span class='ocrx_word' id='word_1_61' title='bbox 1154 1260 1188 1325; x_wconf 80' lang='lat' dir='ltr'><strong>S.</strong></span> <span class='ocrx_word' id='word_1_62' title='bbox 1210 1258 1246 1324; x_wconf 80' lang='lat' dir='ltr'><strong>C.</strong></span> <span class='ocrx_word' id='word_1_63' title='bbox 1268 1259 1384 1322; x_wconf 87' lang='lat' dir='ltr'><strong>inteili-</strong></span> 
     </span>
     <span class='ocr_line' id='line_1_9' title="bbox 95 1376 1387 1461; baseline -0.005 -17"><span class='ocrx_word' id='word_1_64' title='bbox 95 1383 199 1461; x_wconf 59' lang='lat' dir='ltr'><strong>fitur,</strong></span> <span class='ocrx_word' id='word_1_65' title='bbox 222 1380 272 1440; x_wconf 91' lang='lat' dir='ltr'><strong>ubi</strong></span> <span class='ocrx_word' id='word_1_66' title='bbox 295 1399 349 1459; x_wconf 87' lang='lat' dir='ltr'><strong>pro</strong></span> <span class='ocrx_word' id='word_1_67' title='bbox 372 1399 410 1442; x_wconf 93' lang='lat' dir='ltr'><strong>eo</strong></span> <span class='ocrx_word' id='word_1_68' title='bbox 435 1379 542 1442; x_wconf 87' lang='lat' dir='ltr'><strong>dicitur</strong></span> <span class='ocrx_word' id='word_1_69' title='bbox 564 1382 645 1441; x_wconf 81' lang='lat' dir='ltr'><strong>intra</strong></span> <span class='ocrx_word' id='word_1_70' title='bbox 663 1378 773 1459; x_wconf 79' lang='lat' dir='ltr'><strong>pedes.</strong></span> <span class='ocrx_word' id='word_1_71' title='bbox 805 1376 855 1440; x_wconf 82' lang='lat' dir='ltr'><strong>Gi.</strong></span> <span class='ocrx_word' id='word_1_72' title='bbox 877 1380 947 1443; x_wconf 78' lang='lat' dir='ltr'><strong>nrt.</strong></span> <span class='ocrx_word' id='word_1_73' title='bbox 971 1383 1029 1444; x_wconf 81' lang='grc'><strong>112</strong></span> <span class='ocrx_word' id='word_1_74' title='bbox 1049 1397 1107 1461; x_wconf 87' lang='lat' dir='ltr'><strong>per</strong></span> <span class='ocrx_word' id='word_1_75' title='bbox 1127 1380 1258 1460; x_wconf 78' lang='lat' dir='ltr'><strong>opattam</strong></span> <span class='ocrx_word' id='word_1_76' title='bbox 1280 1380 1311 1437; x_wconf 81' lang='lat' dir='ltr'><strong>et</strong></span> <span class='ocrx_word' id='word_1_77' title='bbox 1329 1396 1387 1458; x_wconf 83' lang='lat' dir='ltr'><strong>per</strong></span> 
     </span>
     <span class='ocr_line' id='line_1_10' title="bbox 104 1497 404 1577; baseline -0.007 -17"><span class='ocrx_word' id='word_1_78' title='bbox 104 1497 212 1562; x_wconf 76' lang='lat' dir='ltr'><strong>brecco</strong></span> <span class='ocrx_word' id='word_1_79' title='bbox 233 1501 404 1577; x_wconf 78' lang='lat' dir='ltr'><strong>anpastias.</strong></span> 
     </span>
    </p>
   </div>
   <div class='ocr_carea' id='block_1_3' title="bbox 714 1699 783 1756">
    <p class='ocr_par' dir='ltr' id='par_1_6' title="bbox 714 1699 783 1756">
     <span class='ocr_line' id='line_1_11' title="bbox 714 1699 783 1756; baseline 0.014 -1"><span class='ocrx_word' id='word_1_80' title='bbox 714 1699 783 1756; x_wconf 81' lang='lat'><strong>106.</strong></span> 
     </span>
    </p>
   </div>
   <div class='ocr_carea' id='block_1_4' title="bbox 101 1842 1392 2158">
    <p class='ocr_par' dir='ltr' id='par_1_7' title="bbox 101 1842 1392 2158">
     <span class='ocr_line' id='line_1_12' title="bbox 189 1842 1390 1932; baseline -0.005 -23"><span class='ocrx_word' id='word_1_81' title='bbox 189 1847 297 1932; x_wconf 72' lang='lat' dir='ltr'><strong>coibas</strong></span> <span class='ocrx_word' id='word_1_82' title='bbox 318 1847 400 1911; x_wconf 85' lang='lat' dir='ltr'><strong>tacis</strong></span> <span class='ocrx_word' id='word_1_83' title='bbox 420 1851 502 1909; x_wconf 83' lang='lat' dir='ltr'><strong>intra</strong></span> <span class='ocrx_word' id='word_1_84' title='bbox 523 1853 613 1907; x_wconf 81' lang='lat' dir='ltr'><strong>entra</strong></span> <span class='ocrx_word' id='word_1_85' title='bbox 636 1843 743 1908; x_wconf 86' lang='lat' dir='ltr'><strong>Urbem</strong></span> <span class='ocrx_word' id='word_1_86' title='bbox 771 1842 850 1927; x_wconf 80' lang='lat' dir='ltr'><strong>etc.)</strong></span> <span class='ocrx_word' id='word_1_87' title='bbox 890 1843 988 1924; x_wconf 83' lang='lat' dir='ltr'><strong>Supra</strong></span> <span class='ocrx_word' id='word_1_88' title='bbox 1014 1843 1084 1907; x_wconf 74' lang='lat' dir='ltr'><strong>Aa.</strong></span> <span class='ocrx_word' id='word_1_89' title='bbox 1111 1846 1168 1904; x_wconf 71' lang='lat'><strong>21:</strong></span> <span class='ocrx_word' id='word_1_90' title='bbox 1205 1843 1267 1905; x_wconf 78' lang='lat' dir='ltr'><strong>Est</strong></span> <span class='ocrx_word' id='word_1_91' title='bbox 1293 1851 1390 1905; x_wconf 76' lang='lat' dir='ltr'><strong>autem</strong></span> 
     </span>
     <span class='ocr_line' id='line_1_13' title="bbox 101 1959 1392 2045; baseline -0.004 -21"><span class='ocrx_word' id='word_1_92' title='bbox 101 1965 171 2045; x_wconf 78' lang='lat' dir='ltr'><strong>sere</strong></span> <span class='ocrx_word' id='word_1_93' title='bbox 191 1997 231 2008; x_wconf 85' lang='lat'><em>-</em></span> <span class='ocrx_word' id='word_1_94' title='bbox 253 1996 294 2006; x_wconf 89' lang='lat'><strong>—-</strong></span> <span class='ocrx_word' id='word_1_95' title='bbox 316 1996 355 2009; x_wconf 83' lang='lat'><strong>·-</strong></span> <span class='ocrx_word' id='word_1_96' title='bbox 376 1963 495 2024; x_wconf 83' lang='lat' dir='ltr'><strong>modam</strong></span> <span class='ocrx_word' id='word_1_97' title='bbox 515 1966 677 2044; x_wconf 84' lang='lat' dir='ltr'><strong>recipiant.</strong></span> <span class='ocrx_word' id='word_1_98' title='bbox 719 1959 818 2038; x_wconf 79' lang='lat' dir='ltr'><strong>Igitur</strong></span> <span class='ocrx_word' id='word_1_99' title='bbox 839 1962 1014 2042; x_wconf 71' lang='lat' dir='ltr'><strong>impetratae</strong></span> <span class='ocrx_word' id='word_1_100' title='bbox 1036 1960 1110 2023; x_wconf 86' lang='lat' dir='ltr'><strong>illae</strong></span> <span class='ocrx_word' id='word_1_101' title='bbox 1132 1960 1284 2043; x_wconf 85' lang='lat' dir='ltr'><strong>quinarlae</strong></span> <span class='ocrx_word' id='word_1_102' title='bbox 1305 1976 1392 2020; x_wconf 88' lang='lat' dir='ltr'><strong>com-</strong></span> 
     </span>
     <span class='ocr_line' id='line_1_14' title="bbox 104 2077 1391 2158; baseline -0.005 -17"><span class='ocrx_word' id='word_1_103' title='bbox 104 2081 183 2142; x_wconf 88' lang='lat' dir='ltr'><strong>muni</strong></span> <span class='ocrx_word' id='word_1_104' title='bbox 205 2078 303 2141; x_wconf 86' lang='lat' dir='ltr'><strong>fistula</strong></span> <span class='ocrx_word' id='word_1_105' title='bbox 325 2078 508 2140; x_wconf 79' lang='lat' dir='ltr'><strong>ducebantur</strong></span> <span class='ocrx_word' id='word_1_106' title='bbox 528 2079 557 2138; x_wconf 90' lang='lat' dir='ltr'><strong>in</strong></span> <span class='ocrx_word' id='word_1_107' title='bbox 579 2077 751 2157; x_wconf 83' lang='lat' dir='ltr'><strong>casteliurn3</strong></span> <span class='ocrx_word' id='word_1_108' title='bbox 781 2078 877 2156; x_wconf 82' lang='lat' dir='ltr'><strong>igitur</strong></span> <span class='ocrx_word' id='word_1_109' title='bbox 904 2097 980 2158; x_wconf 85' lang='lat' dir='ltr'><strong>aqua</strong></span> <span class='ocrx_word' id='word_1_110' title='bbox 1001 2077 1160 2139; x_wconf 85' lang='lat' dir='ltr'><strong>earundem</strong></span> <span class='ocrx_word' id='word_1_111' title='bbox 1181 2077 1391 2156; x_wconf 81' lang='lat' dir='ltr'><strong>quinariamn,</strong></span> 
     </span>
    </p>
   </div>
   <div class='ocr_carea' id='block_1_5' title="bbox 102 2191 1396 2509">
    <p class='ocr_par' dir='ltr' id='par_1_8' title="bbox 102 2191 1396 2509">
     <span class='ocr_line' id='line_1_15' title="bbox 104 2191 1393 2280; baseline -0.005 -22"><span class='ocrx_word' id='word_1_112' title='bbox 104 2198 260 2277; x_wconf 78' lang='lat' dir='ltr'><strong>antequam</strong></span> <span class='ocrx_word' id='word_1_113' title='bbox 283 2194 468 2254; x_wconf 76' lang='lat' dir='ltr'><strong>divideretur</strong></span> <span class='ocrx_word' id='word_1_114' title='bbox 489 2196 569 2254; x_wconf 88' lang='lat' dir='ltr'><strong>inter</strong></span> <span class='ocrx_word' id='word_1_115' title='bbox 588 2195 744 2272; x_wconf 82' lang='lat' dir='ltr'><strong>privatos,</strong></span> <span class='ocrx_word' id='word_1_116' title='bbox 775 2194 936 2254; x_wconf 86' lang='lat' dir='ltr'><strong>communis</strong></span> <span class='ocrx_word' id='word_1_117' title='bbox 965 2194 1025 2255; x_wconf 85' lang='lat' dir='ltr'><strong>dici</strong></span> <span class='ocrx_word' id='word_1_118' title='bbox 1047 2196 1176 2273; x_wconf 84' lang='lat' dir='ltr'><strong>poterat.</strong></span> <span class='ocrx_word' id='word_1_119' title='bbox 1220 2191 1320 2280; x_wconf 81' lang='lat' dir='ltr'><strong>Quare</strong></span> <span class='ocrx_word' id='word_1_120' title='bbox 1341 2209 1393 2252; x_wconf 84' lang='lat' dir='ltr'><strong>ar-</strong></span> 
     </span>
     <span class='ocr_line' id='line_1_16' title="bbox 104 2307 1395 2390; baseline -0.005 -17"><span class='ocrx_word' id='word_1_121' title='bbox 104 2311 202 2373; x_wconf 86' lang='lat' dir='ltr'><strong>bitror</strong></span> <span class='ocrx_word' id='word_1_122' title='bbox 225 2310 401 2370; x_wconf 83' lang='lat' dir='ltr'><strong>senteutiam</strong></span> <span class='ocrx_word' id='word_1_123' title='bbox 422 2307 500 2370; x_wconf 90' lang='lat' dir='ltr'><strong>banc</strong></span> <span class='ocrx_word' id='word_1_124' title='bbox 529 2324 616 2371; x_wconf 84' lang='lat' dir='ltr'><strong>csse:</strong></span> <span class='ocrx_word' id='word_1_125' title='bbox 646 2307 752 2390; x_wconf 80' lang='lat' dir='ltr'><strong>quibas</strong></span> <span class='ocrx_word' id='word_1_126' title='bbox 774 2308 854 2370; x_wconf 85' lang='lat' dir='ltr'><strong>tocie</strong></span> <span class='ocrx_word' id='word_1_127' title='bbox 875 2312 956 2371; x_wconf 83' lang='lat' dir='ltr'><strong>intra</strong></span> <span class='ocrx_word' id='word_1_128' title='bbox 983 2312 1015 2371; x_wconf 89' lang='lat' dir='ltr'><strong>et</strong></span> <span class='ocrx_word' id='word_1_129' title='bbox 1040 2317 1129 2371; x_wconf 80' lang='lat' dir='ltr'><strong>entra</strong></span> <span class='ocrx_word' id='word_1_130' title='bbox 1152 2307 1259 2372; x_wconf 81' lang='lat' dir='ltr'><strong>Urbem</strong></span> <span class='ocrx_word' id='word_1_131' title='bbox 1277 2311 1395 2389; x_wconf 84' lang='lat' dir='ltr'><strong>privati</strong></span> 
     </span>
     <span class='ocr_line' id='line_1_17' title="bbox 102 2423 1396 2509; baseline -0.002 -21"><span class='ocrx_word' id='word_1_132' title='bbox 102 2435 233 2509; x_wconf 80' lang='lat' dir='ltr'><strong>possent</strong></span> <span class='ocrx_word' id='word_1_133' title='bbox 258 2433 331 2506; x_wconf 87' lang='lat' dir='ltr'><strong>apte</strong></span> <span class='ocrx_word' id='word_1_134' title='bbox 350 2426 459 2506; x_wconf 83' lang='lat' dir='ltr'><strong>facere</strong></span> <span class='ocrx_word' id='word_1_135' title='bbox 480 2424 612 2486; x_wconf 84' lang='lat' dir='ltr'><strong>eastetta</strong></span> <span class='ocrx_word' id='word_1_136' title='bbox 632 2425 768 2503; x_wconf 84' lang='lat' dir='ltr'><strong>privata,</strong></span> <span class='ocrx_word' id='word_1_137' title='bbox 796 2444 836 2484; x_wconf 81' lang='lat' dir='ltr'><strong>en</strong></span> <span class='ocrx_word' id='word_1_138' title='bbox 857 2423 963 2508; x_wconf 77' lang='lat' dir='ltr'><strong>acibus</strong></span> <span class='ocrx_word' id='word_1_139' title='bbox 985 2425 1130 2488; x_wconf 84' lang='lat' dir='ltr'><strong>docerent</strong></span> <span class='ocrx_word' id='word_1_140' title='bbox 1150 2444 1275 2508; x_wconf 82' lang='lat' dir='ltr'><strong>aquam,</strong></span> <span class='ocrx_word' id='word_1_141' title='bbox 1309 2443 1396 2507; x_wconf 81' lang='lat' dir='ltr'><strong>qaam</strong></span> 
     </span>
    </p>
   </div>
   <div class='ocr_carea' id='block_1_6' title="bbox 104 2539 1404 4016">
    <p class='ocr_par' dir='ltr' id='par_1_9' title="bbox 104 2539 1402 3785">
     <span class='ocr_line' id='line_1_18' title="bbox 104 2539 1397 2623; baseline -0.002 -18"><span class='ocrx_word' id='word_1_142' title='bbox 104 2563 146 2605; x_wconf 80' lang='lat' dir='ltr'><strong>ea</strong></span> <span class='ocrx_word' id='word_1_143' title='bbox 165 2540 288 2620; x_wconf 82' lang='lat' dir='ltr'><strong>publico</strong></span> <span class='ocrx_word' id='word_1_144' title='bbox 319 2541 450 2602; x_wconf 82' lang='lat' dir='ltr'><strong>castello</strong></span> <span class='ocrx_word' id='word_1_145' title='bbox 481 2559 662 2602; x_wconf 86' lang='lat' dir='ltr'><strong>commanem</strong></span> <span class='ocrx_word' id='word_1_146' title='bbox 692 2544 897 2623; x_wconf 78' lang='lat' dir='ltr'><strong>accepissent.</strong></span> <span class='ocrx_word' id='word_1_147' title='bbox 940 2541 1069 2621; x_wconf 84' lang='lat' dir='ltr'><strong>Propter</strong></span> <span class='ocrx_word' id='word_1_148' title='bbox 1095 2539 1171 2602; x_wconf 87' lang='lat' dir='ltr'><strong>hacc</strong></span> <span class='ocrx_word' id='word_1_149' title='bbox 1198 2544 1295 2602; x_wconf 89' lang='lat' dir='ltr'><strong>autem</strong></span> <span class='ocrx_word' id='word_1_150' title='bbox 1315 2540 1397 2603; x_wconf 82' lang='lat' dir='ltr'><strong>haut</strong></span> 
     </span>
     <span class='ocr_line' id='line_1_19' title="bbox 107 2654 1396 2739; baseline -0.002 -19"><span class='ocrx_word' id='word_1_151' title='bbox 107 2658 248 2720; x_wconf 87' lang='lat' dir='ltr'><strong>existimo</strong></span> <span class='ocrx_word' id='word_1_152' title='bbox 271 2656 452 2736; x_wconf 78' lang='lat' dir='ltr'><strong>sequendum</strong></span> <span class='ocrx_word' id='word_1_153' title='bbox 475 2654 648 2734; x_wconf 87' lang='lat' dir='ltr'><strong>Graevium,</strong></span> <span class='ocrx_word' id='word_1_154' title='bbox 670 2659 720 2738; x_wconf 90' lang='lat' dir='ltr'><strong>qui</strong></span> <span class='ocrx_word' id='word_1_155' title='bbox 742 2656 772 2718; x_wconf 89' lang='lat' dir='ltr'><strong>in</strong></span> <span class='ocrx_word' id='word_1_156' title='bbox 793 2657 923 2719; x_wconf 88' lang='lat' dir='ltr'><strong>Praeiat.</strong></span> <span class='ocrx_word' id='word_1_157' title='bbox 946 2657 994 2718; x_wconf 83' lang='lat' dir='ltr'><strong>ab.</strong></span> <span class='ocrx_word' id='word_1_158' title='bbox 1028 2656 1066 2722; x_wconf 80' lang='grc' dir='ltr'><strong>Τ.</strong></span> <span class='ocrx_word' id='word_1_159' title='bbox 1088 2657 1142 2720; x_wconf 82' lang='lat' dir='ltr'><strong>lv.</strong></span> <span class='ocrx_word' id='word_1_160' title='bbox 1164 2656 1396 2739; x_wconf 61' lang='lat' dir='ltr'><strong>obstirpatione</strong></span> 
     </span>
     <span class='ocr_line' id='line_1_20' title="bbox 106 2757 1397 2857; baseline 0.002 -21"><span class='ocrx_word' id='word_1_161' title='bbox 106 2794 188 2857; x_wconf 81' lang='lat' dir='ltr'><strong>aqaa</strong></span> <span class='ocrx_word' id='word_1_162' title='bbox 210 2794 248 2836; x_wconf 84' lang='lat' dir='ltr'><strong>ea</strong></span> <span class='ocrx_word' id='word_1_163' title='bbox 270 2773 400 2834; x_wconf 84' lang='lat' dir='ltr'><strong>castello</strong></span> <span class='ocrx_word' id='word_1_164' title='bbox 424 2776 569 2834; x_wconf 84' lang='lat' dir='ltr'><strong>commoni</strong></span> <span class='ocrx_word' id='word_1_165' title='bbox 591 2772 733 2852; x_wconf 84' lang='lat' dir='ltr'><strong>scripsit3</strong></span> <span class='ocrx_word' id='word_1_166' title='bbox 756 2792 820 2836; x_wconf 90' lang='lat' dir='ltr'><strong>cum</strong></span> <span class='ocrx_word' id='word_1_167' title='bbox 844 2774 941 2836; x_wconf 87' lang='lat' dir='ltr'><strong>tamen</strong></span> <span class='ocrx_word' id='word_1_168' title='bbox 967 2757 1069 2836; x_wconf 76' lang='lat' dir='ltr'><strong>omnes</strong></span> <span class='ocrx_word' id='word_1_169' title='bbox 1092 2774 1181 2836; x_wconf 87' lang='lat' dir='ltr'><strong>codd.</strong></span> <span class='ocrx_word' id='word_1_170' title='bbox 1204 2779 1236 2836; x_wconf 88' lang='lat' dir='ltr'><strong>et</strong></span> <span class='ocrx_word' id='word_1_171' title='bbox 1257 2775 1397 2854; x_wconf 87' lang='lat' dir='ltr'><strong>ed.Joc.,</strong></span> 
     </span>
     <span class='ocr_line' id='line_1_21' title="bbox 108 2888 1398 2975; baseline 0.001 -24"><span class='ocrx_word' id='word_1_172' title='bbox 108 2893 141 2951; x_wconf 90' lang='lat' dir='ltr'><strong>ct</strong></span> <span class='ocrx_word' id='word_1_173' title='bbox 162 2907 214 2967; x_wconf 90' lang='lat' dir='ltr'><strong>ea,</strong></span> <span class='ocrx_word' id='word_1_174' title='bbox 243 2908 326 2970; x_wconf 85' lang='lat' dir='ltr'><strong>quam</strong></span> <span class='ocrx_word' id='word_1_175' title='bbox 355 2889 422 2968; x_wconf 85' lang='lat' dir='ltr'><strong>ipse</strong></span> <span class='ocrx_word' id='word_1_176' title='bbox 464 2889 616 2970; x_wconf 89' lang='lat' dir='ltr'><strong>sequitur,</strong></span> <span class='ocrx_word' id='word_1_177' title='bbox 647 2888 814 2951; x_wconf 87' lang='lat' dir='ltr'><strong>Kouebeuii</strong></span> <span class='ocrx_word' id='word_1_178' title='bbox 843 2893 910 2971; x_wconf 74' lang='lat' dir='ltr'><strong>eut,</strong></span> <span class='ocrx_word' id='word_1_179' title='bbox 937 2889 1086 2954; x_wconf 83' lang='lat' dir='ltr'><strong>habeant:</strong></span> <span class='ocrx_word' id='word_1_180' title='bbox 1120 2911 1228 2975; x_wconf 79' lang='lat' dir='ltr'><strong>apaam</strong></span> <span class='ocrx_word' id='word_1_181' title='bbox 1255 2912 1295 2954; x_wconf 84' lang='lat' dir='ltr'><strong>ea</strong></span> <span class='ocrx_word' id='word_1_182' title='bbox 1321 2902 1398 2955; x_wconf 84' lang='lat' dir='ltr'><strong>cast.</strong></span> 
     </span>
     <span class='ocr_line' id='line_1_22' title="bbox 110 3004 1400 3090; baseline 0.002 -24"><span class='ocrx_word' id='word_1_183' title='bbox 110 3026 300 3067; x_wconf 78' lang='lat' dir='ltr'><strong>commanem.</strong></span> <span class='ocrx_word' id='word_1_184' title='bbox 351 3004 414 3066; x_wconf 81' lang='lat' dir='ltr'><strong>Sed</strong></span> <span class='ocrx_word' id='word_1_185' title='bbox 441 3006 581 3084; x_wconf 85' lang='lat' dir='ltr'><strong>proiecto</strong></span> <span class='ocrx_word' id='word_1_186' title='bbox 611 3006 789 3068; x_wconf 82' lang='lat' dir='ltr'><strong>credendum</strong></span> <span class='ocrx_word' id='word_1_187' title='bbox 820 3010 886 3087; x_wconf 91' lang='lat' dir='ltr'><strong>est,</strong></span> <span class='ocrx_word' id='word_1_188' title='bbox 921 3007 1100 3068; x_wconf 83' lang='lat' dir='ltr'><strong>festinanter</strong></span> <span class='ocrx_word' id='word_1_189' title='bbox 1130 3012 1294 3090; x_wconf 81' lang='lat' dir='ltr'><strong>scripsisse</strong></span> <span class='ocrx_word' id='word_1_190' title='bbox 1324 3007 1400 3070; x_wconf 82' lang='lat' dir='ltr'><strong>hacc</strong></span> 
     </span>
     <span class='ocr_line' id='line_1_23' title="bbox 110 3122 1399 3205; baseline 0.002 -22"><span class='ocrx_word' id='word_1_191' title='bbox 110 3122 287 3200; x_wconf 77' lang='lat' dir='ltr'><strong>Graeciam,</strong></span> <span class='ocrx_word' id='word_1_192' title='bbox 315 3124 474 3200; x_wconf 88' lang='lat' dir='ltr'><strong>praetcrea</strong></span> <span class='ocrx_word' id='word_1_193' title='bbox 501 3122 638 3199; x_wconf 85' lang='lat' dir='ltr'><strong>imperito</strong></span> <span class='ocrx_word' id='word_1_194' title='bbox 668 3125 856 3202; x_wconf 79' lang='lat' dir='ltr'><strong>amanuensi,</strong></span> <span class='ocrx_word' id='word_1_195' title='bbox 886 3123 936 3205; x_wconf 86' lang='lat' dir='ltr'><strong>qui</strong></span> <span class='ocrx_word' id='word_1_196' title='bbox 965 3141 1005 3183; x_wconf 85' lang='lat' dir='ltr'><strong>ex</strong></span> <span class='ocrx_word' id='word_1_197' title='bbox 1033 3122 1177 3184; x_wconf 81' lang='lat' dir='ltr'><strong>Frontino</strong></span> <span class='ocrx_word' id='word_1_198' title='bbox 1206 3128 1399 3203; x_wconf 84' lang='lat' dir='ltr'><strong>excerperet,</strong></span> 
     </span>
     <span class='ocr_line' id='line_1_24' title="bbox 110 3236 1402 3312; baseline 0 -14"><span class='ocrx_word' id='word_1_199' title='bbox 110 3257 194 3298; x_wconf 90' lang='lat' dir='ltr'><strong>usum</strong></span> <span class='ocrx_word' id='word_1_200' title='bbox 224 3237 339 3312; x_wconf 84' lang='lat' dir='ltr'><strong>tuisse,</strong></span> <span class='ocrx_word' id='word_1_201' title='bbox 369 3255 433 3298; x_wconf 82' lang='lat' dir='ltr'><strong>curu</strong></span> <span class='ocrx_word' id='word_1_202' title='bbox 463 3238 493 3296; x_wconf 90' lang='lat' dir='ltr'><strong>in</strong></span> <span class='ocrx_word' id='word_1_203' title='bbox 520 3238 623 3298; x_wconf 87' lang='lat' dir='ltr'><strong>eadem</strong></span> <span class='ocrx_word' id='word_1_204' title='bbox 663 3237 793 3301; x_wconf 83' lang='lat' dir='ltr'><strong>Praeiat.</strong></span> <span class='ocrx_word' id='word_1_205' title='bbox 822 3239 927 3299; x_wconf 89' lang='lat' dir='ltr'><strong>iterum</strong></span> <span class='ocrx_word' id='word_1_206' title='bbox 955 3236 1082 3299; x_wconf 80' lang='lat' dir='ltr'><strong>huiusce</strong></span> <span class='ocrx_word' id='word_1_207' title='bbox 1111 3237 1242 3302; x_wconf 87' lang='lat' dir='ltr'><strong>Senatus</strong></span> <span class='ocrx_word' id='word_1_208' title='bbox 1272 3237 1402 3300; x_wconf 87' lang='lat' dir='ltr'><strong>consulti</strong></span> 
     </span>
     <span class='ocr_line' id='line_1_25' title="bbox 111 3352 1402 3436; baseline 0 -22"><span class='ocrx_word' id='word_1_209' title='bbox 111 3355 205 3415; x_wconf 82' lang='lat' dir='ltr'><strong>verba</strong></span> <span class='ocrx_word' id='word_1_210' title='bbox 233 3353 370 3413; x_wconf 82' lang='lat' dir='ltr'><strong>referens</strong></span> <span class='ocrx_word' id='word_1_211' title='bbox 399 3352 564 3430; x_wconf 87' lang='lat' dir='ltr'><strong>Graevius,</strong></span> <span class='ocrx_word' id='word_1_212' title='bbox 592 3371 647 3432; x_wconf 90' lang='lat' dir='ltr'><strong>pro</strong></span> <span class='ocrx_word' id='word_1_213' title='bbox 672 3354 805 3416; x_wconf 85' lang='lat' dir='ltr'><strong>castella</strong></span> <span class='ocrx_word' id='word_1_214' title='bbox 830 3357 949 3436; x_wconf 81' lang='lat' dir='ltr'><strong>privati</strong></span> <span class='ocrx_word' id='word_1_215' title='bbox 976 3353 1085 3417; x_wconf 88' lang='lat' dir='ltr'><strong>babeat</strong></span> <span class='ocrx_word' id='word_1_216' title='bbox 1114 3355 1247 3416; x_wconf 86' lang='lat' dir='ltr'><strong>castella</strong></span> <span class='ocrx_word' id='word_1_217' title='bbox 1266 3359 1402 3436; x_wconf 85' lang='lat' dir='ltr'><strong>privata,</strong></span> 
     </span>
     <span class='ocr_line' id='line_1_26' title="bbox 110 3467 1401 3553; baseline 0.002 -25"><span class='ocrx_word' id='word_1_218' title='bbox 110 3488 166 3548; x_wconf 89' lang='lat' dir='ltr'><strong>pro</strong></span> <span class='ocrx_word' id='word_1_219' title='bbox 190 3469 338 3531; x_wconf 83' lang='lat' dir='ltr'><strong>ducerent</strong></span> <span class='ocrx_word' id='word_1_220' title='bbox 358 3467 468 3531; x_wconf 82' lang='lat' dir='ltr'><strong>lrabeat</strong></span> <span class='ocrx_word' id='word_1_221' title='bbox 490 3467 636 3548; x_wconf 69' lang='lat' dir='ltr'><strong>incitent,</strong></span> <span class='ocrx_word' id='word_1_222' title='bbox 659 3488 714 3549; x_wconf 93' lang='lat' dir='ltr'><strong>pro</strong></span> <span class='ocrx_word' id='word_1_223' title='bbox 737 3474 934 3551; x_wconf 86' lang='lat' dir='ltr'><strong>accepissent</strong></span> <span class='ocrx_word' id='word_1_224' title='bbox 952 3469 1064 3531; x_wconf 88' lang='lat' dir='ltr'><strong>babent</strong></span> <span class='ocrx_word' id='word_1_225' title='bbox 1085 3474 1306 3553; x_wconf 86' lang='lat' dir='ltr'><strong>concepissent.</strong></span> <span class='ocrx_word' id='word_1_226' title='bbox 1337 3467 1401 3531; x_wconf 80' lang='lat' dir='ltr'><strong>Ce-</strong></span> 
     </span>
     <span class='ocr_line' id='line_1_27' title="bbox 111 3584 1402 3668; baseline 0 -22"><span class='ocrx_word' id='word_1_227' title='bbox 111 3591 205 3646; x_wconf 84' lang='lat' dir='ltr'><strong>terum</strong></span> <span class='ocrx_word' id='word_1_228' title='bbox 227 3585 322 3647; x_wconf 84' lang='lat' dir='ltr'><strong>verba</strong></span> <span class='ocrx_word' id='word_1_229' title='bbox 344 3588 425 3646; x_wconf 85' lang='lat' dir='ltr'><strong>intra</strong></span> <span class='ocrx_word' id='word_1_230' title='bbox 447 3594 536 3647; x_wconf 80' lang='lat' dir='ltr'><strong>entra</strong></span> <span class='ocrx_word' id='word_1_231' title='bbox 558 3584 755 3646; x_wconf 84' lang='lat' dir='ltr'><strong>desumsinrus</strong></span> <span class='ocrx_word' id='word_1_232' title='bbox 777 3604 818 3647; x_wconf 85' lang='lat' dir='ltr'><strong>ex</strong></span> <span class='ocrx_word' id='word_1_233' title='bbox 841 3589 966 3668; x_wconf 89' lang='lat' dir='ltr'><strong>utroque</strong></span> <span class='ocrx_word' id='word_1_234' title='bbox 990 3589 1109 3649; x_wconf 89' lang='lat' dir='ltr'><strong>codice.</strong></span> <span class='ocrx_word' id='word_1_235' title='bbox 1131 3589 1200 3651; x_wconf 82' lang='lat' dir='ltr'><strong>Joc</strong></span> <span class='ocrx_word' id='word_1_236' title='bbox 1222 3587 1402 3650; x_wconf 87' lang='lat' dir='ltr'><strong>ctBrisson.</strong></span> 
     </span>
     <span class='ocr_line' id='line_1_28' title="bbox 112 3699 610 3785; baseline -0.004 -22"><span class='ocrx_word' id='word_1_237' title='bbox 112 3702 223 3764; x_wconf 88' lang='lat' dir='ltr'><strong>habent</strong></span> <span class='ocrx_word' id='word_1_238' title='bbox 244 3705 325 3764; x_wconf 87' lang='lat' dir='ltr'><strong>intra</strong></span> <span class='ocrx_word' id='word_1_239' title='bbox 347 3699 610 3785; x_wconf 60' lang='lat' dir='ltr'><strong>extranearet.</strong></span> 
     </span>
    </p>

    <p class='ocr_par' dir='ltr' id='par_1_10' title="bbox 113 3816 1404 4016">
     <span class='ocr_line' id='line_1_29' title="bbox 196 3816 1404 3899; baseline -0.001 -19"><span class='ocrx_word' id='word_1_240' title='bbox 196 3819 344 3882; x_wconf 87' lang='lat' dir='ltr'><strong>taaiorem</strong></span> <span class='ocrx_word' id='word_1_241' title='bbox 362 3819 512 3899; x_wconf 74' lang='lat' dir='ltr'><strong>fistabum)</strong></span> <span class='ocrx_word' id='word_1_242' title='bbox 535 3820 556 3878; x_wconf 82' lang='lat' dir='ltr'><strong>i.</strong></span> <span class='ocrx_word' id='word_1_243' title='bbox 580 3836 607 3878; x_wconf 89' lang='lat' dir='ltr'><strong>e.</strong></span> <span class='ocrx_word' id='word_1_244' title='bbox 630 3816 814 3896; x_wconf 86' lang='lat' dir='ltr'><strong>ampliorem.</strong></span> <span class='ocrx_word' id='word_1_245' title='bbox 856 3817 968 3880; x_wconf 77' lang='lat' dir='ltr'><strong>Eadem</strong></span> <span class='ocrx_word' id='word_1_246' title='bbox 990 3818 1101 3881; x_wconf 90' lang='lat' dir='ltr'><strong>locutio</strong></span> <span class='ocrx_word' id='word_1_247' title='bbox 1123 3817 1193 3882; x_wconf 78' lang='lat' dir='ltr'><strong>Art.</strong></span> <span class='ocrx_word' id='word_1_248' title='bbox 1217 3825 1285 3883; x_wconf 81' lang='grc'><strong>112.</strong></span> <span class='ocrx_word' id='word_1_249' title='bbox 1319 3817 1404 3880; x_wconf 73' lang='lat' dir='ltr'><strong>eon.</strong></span> 
     </span>
     <span class='ocr_line' id='line_1_30' title="bbox 113 3934 1260 4016; baseline -0.003 -18"><span class='ocrx_word' id='word_1_250' title='bbox 113 3937 197 4012; x_wconf 67' lang='lat' dir='ltr'><strong>aruit</strong></span> <span class='ocrx_word' id='word_1_251' title='bbox 219 3937 330 3998; x_wconf 78' lang='lat' dir='ltr'><strong>tanaro</strong></span> <span class='ocrx_word' id='word_1_252' title='bbox 351 3934 421 3997; x_wconf 82' lang='lat' dir='ltr'><strong>nrt.</strong></span> <span class='ocrx_word' id='word_1_253' title='bbox 444 3938 494 3996; x_wconf 80' lang='grc'><strong>36.</strong></span> <span class='ocrx_word' id='word_1_254' title='bbox 519 3939 589 4011; x_wconf 83' lang='grc'><strong>113,</strong></span> <span class='ocrx_word' id='word_1_255' title='bbox 608 3934 654 3995; x_wconf 88' lang='lat' dir='ltr'><strong>cui</strong></span> <span class='ocrx_word' id='word_1_256' title='bbox 676 3937 803 4016; x_wconf 86' lang='lat' dir='ltr'><strong>utroque</strong></span> <span class='ocrx_word' id='word_1_257' title='bbox 825 3934 895 3997; x_wconf 88' lang='lat' dir='ltr'><strong>icco</strong></span> <span class='ocrx_word' id='word_1_258' title='bbox 920 3935 1081 4015; x_wconf 89' lang='lat' dir='ltr'><strong>opponitur</strong></span> <span class='ocrx_word' id='word_1_259' title='bbox 1103 3946 1260 4000; x_wconf 81' lang='lat' dir='ltr'><strong>coartare.</strong></span> 
     </span>
    </p>
   </div>
   <div class='ocr_carea' id='block_1_7' title="bbox 728 4138 801 4194">
    <p class='ocr_par' dir='ltr' id='par_1_11' title="bbox 728 4138 801 4194">
     <span class='ocr_line' id='line_1_31' title="bbox 728 4138 801 4194; baseline 0 0"><span class='ocrx_word' id='word_1_260' title='bbox 728 4138 801 4194; x_wconf 79' lang='lat'>109.</span> 
     </span>
    </p>
   </div>
   <div class='ocr_carea' id='block_1_8' title="bbox 113 4282 1414 4596">
    <p class='ocr_par' dir='ltr' id='par_1_12' title="bbox 113 4282 1414 4596">
     <span class='ocr_line' id='line_1_32' title="bbox 201 4282 1408 4365; baseline -0.001 -20"><span class='ocrx_word' id='word_1_261' title='bbox 201 4285 400 4358; x_wconf 81' lang='lat' dir='ltr'><strong>intercidere)</strong></span> <span class='ocrx_word' id='word_1_262' title='bbox 424 4287 445 4346; x_wconf 90' lang='lat' dir='ltr'><strong>i.</strong></span> <span class='ocrx_word' id='word_1_263' title='bbox 469 4304 496 4349; x_wconf 82' lang='lat' dir='ltr'><strong>a.</strong></span> <span class='ocrx_word' id='word_1_264' title='bbox 520 4286 677 4365; x_wconf 83' lang='lat' dir='ltr'><strong>impedire,</strong></span> <span class='ocrx_word' id='word_1_265' title='bbox 700 4303 739 4345; x_wconf 91' lang='lat' dir='ltr'><strong>ne</strong></span> <span class='ocrx_word' id='word_1_266' title='bbox 761 4283 897 4347; x_wconf 83' lang='lat' dir='ltr'><strong>fluerent.</strong></span> <span class='ocrx_word' id='word_1_267' title='bbox 918 4283 1012 4347; x_wconf 77' lang='lat' dir='ltr'><strong>Pon.</strong></span> <span class='ocrx_word' id='word_1_268' title='bbox 1033 4287 1055 4346; x_wconf 90' lang='lat' dir='ltr'><strong>i.</strong></span> <span class='ocrx_word' id='word_1_269' title='bbox 1079 4305 1106 4348; x_wconf 80' lang='lat' dir='ltr'><strong>o.</strong></span> <span class='ocrx_word' id='word_1_270' title='bbox 1129 4282 1323 4364; x_wconf 73' lang='lat' dir='ltr'><strong>interpellare</strong></span> <span class='ocrx_word' id='word_1_271' title='bbox 1337 4301 1408 4345; x_wconf 90' lang='lat' dir='ltr'><strong>cur-</strong></span> 
     </span>
     <span class='ocr_line' id='line_1_33' title="bbox 113 4397 1414 4499; baseline -0.002 -36"><span class='ocrx_word' id='word_1_272' title='bbox 113 4422 178 4463; x_wconf 82' lang='lat' dir='ltr'><strong>sum</strong></span> <span class='ocrx_word' id='word_1_273' title='bbox 203 4420 313 4462; x_wconf 87' lang='lat' dir='ltr'><strong>earum.</strong></span> <span class='ocrx_word' id='word_1_274' title='bbox 331 4400 470 4465; x_wconf 66' lang='lat' dir='ltr'><strong>tibiali.</strong></span> <span class='ocrx_word' id='word_1_275' title='bbox 492 4404 584 4485; x_wconf 81' lang='lat' dir='ltr'><strong>Aqua</strong></span> <span class='ocrx_word' id='word_1_276' title='bbox 606 4400 811 4480; x_wconf 78' lang='lat' dir='ltr'><strong>interciditur,</strong></span> <span class='ocrx_word' id='word_1_277' title='bbox 834 4419 909 4482; x_wconf 85' lang='lat' dir='ltr'><strong>quae</strong></span> <span class='ocrx_word' id='word_1_278' title='bbox 932 4403 1164 4483; x_wconf 84' lang='lat' dir='ltr'><strong>interrumpitur,</strong></span> <span class='ocrx_word' id='word_1_279' title='bbox 1187 4397 1414 4499; x_wconf 50' lang='lat' dir='ltr'><strong>intercluditur7</strong></span> 
     </span>
     <span class='ocr_line' id='line_1_34' title="bbox 117 4515 792 4596; baseline -0.003 -16"><span class='ocrx_word' id='word_1_280' title='bbox 117 4536 177 4580; x_wconf 83' lang='lat' dir='ltr'><strong>uon</strong></span> <span class='ocrx_word' id='word_1_281' title='bbox 199 4515 323 4596; x_wconf 83' lang='lat' dir='ltr'><strong>amplius</strong></span> <span class='ocrx_word' id='word_1_282' title='bbox 345 4519 412 4578; x_wconf 86' lang='lat' dir='ltr'><strong>usui</strong></span> <span class='ocrx_word' id='word_1_283' title='bbox 434 4517 582 4580; x_wconf 73' lang='lat' dir='ltr'><strong>barnuinum</strong></span> <span class='ocrx_word' id='word_1_284' title='bbox 605 4518 792 4580; x_wconf 75' lang='lat' dir='ltr'><strong>courceditur.</strong></span> 
     </span>
    </p>
   </div>
   <div class='ocr_carea' id='block_1_9' title="bbox 0 0 1519 4988">
    <p class='ocr_par' dir='ltr' id='par_1_13' title="bbox 0 0 1519 4988">
     <span class='ocr_line' id='line_1_35' title="bbox 0 0 1519 4988; baseline 0 0"><span class='ocrx_word' id='word_1_285' title='bbox 0 0 1519 4988; x_wconf 95' lang='lat' dir='ltr'><strong> </strong></span> 
     </span>
    </p>
   </div>
  </div>
 </body>
</html>
