2978 4988
444 333 517 412 nn
540 332 733 429 AOUAE
763 330 1045 414 DUO'PIBUS.

99 569 289 670 Augusto,
317 572 440 646 nescio
464 570 683 667 diligentiore
705 591 749 643 an
765 568 955 642 ementiore
969 567 1020 640 rei
1034 567 1193 664 publicae
1211 565 1286 641 lm·

99 699 275 787 peratore,
303 711 472 784 aquarum
496 688 686 760 iniunctum
715 684 879 778 ollicium,
907 695 979 757 tum
1005 683 1050 758 ad
1074 709 1189 778 usum,
1216 695 1289 755 tum

101 804 146 879 ad
171 804 410 878 salubritatem
443 816 548 900 atque
582 805 685 875 etiam
718 800 763 875 ad
789 802 1014 874 securitatem
1042 801 1152 878 Urbis
1178 801 1288 897 perti-

101 945 202 1015 nenS,
231 917 505 993 administratum
529 942 594 1017 per·
619 918 796 1016 principes
823 939 965 1015 semper·
982 919 1131 991 civitatis
1149 926 1291 989 nostrae

103 1038 223 1110 cives:
259 1038 405 1134 primum
439 1061 481 1109 ac
514 1034 736 1133 potissimum
761 1034 943 1129 existimo,
984 1037 1077 1107 sicut
1100 1035 1135 1105 in
1160 1031 1290 1106 ceteris

103 1154 258 1250 negotiis
291 1154 520 1249 institueram,
556 1174 666 1224 nosse
705 1149 798 1248 quod
832 1151 988 1248 suscepi.
1038 1149 1167 1245 Neque
1199 1148 1290 1220 enim
1339 1139 1366 1215 2

104 1270 214 1343 ullum
248 1270 361 1343 omnis
399 1281 501 1343 actus
528 1269 659 1341 certius
685 1266 944 1343 tundamentum
970 1264 1197 1356 crediderim3
1235 1272 1294 1335 aut

146 1537 332 1619 caremihi)
350 1535 379 1599 V
396 1540 426 1599 ct
442 1535 511 1597 edil.
528 1535 599 1596 milti
614 1553 704 1597 auae.

148 1641 196 1699 ret
216 1637 360 1719 publicae
375 1636 467 1718 imp.)
490 1635 513 1696 F
532 1632 577 1697 0:
595 1636 783 1716 reipublicae
804 1644 835 1697 et
854 1636 982 1717 imperii.

148 1726 210 1800 tam
230 1736 275 1798 act
295 1742 394 1812 usum)
420 1736 487 1800 Pol.
512 1754 569 1798 om.
591 1743 661 1798 tam.
684 1735 828 1798 lletirrcnt
850 1736 916 1797 libri
940 1754 1058 1815 omncs,
1087 1737 1174 1799 ctiam
1190 1733 1298 1814 Paris„

103 1824 231 1921 ⁴practer
253 1834 297 1916 G,
331 1835 360 1897 in
382 1853 440 1916 quo
465 1833 541 1894 illud
569 1853 587 1895 a
609 1833 728 1895 librario
757 1839 881 1915 propter
908 1836 1030 1896 similem
1061 1836 1299 1915 praecedentium

110 1936 323 2000 vocabulorum
342 1936 453 1997 exitum
472 1936 666 2008 (tum—iam)
683 1935 932 2012 praetermissum.
964 1935 999 1998 In
1015 1935 1120 1997 eodem
1136 1933 1161 1998 C
1179 1934 1302 1999 desite-

110 2041 191 2123 ratur
212 2036 256 2098 acl
270 2038 337 2096 ante
354 2037 558 2111 securitatem,
576 2036 609 2095 nt
624 2034 653 2094 in
669 2032 692 2092 F
709 2038 807 2098 etiam.

153 2131 350 2220 proderes.)
372 2134 468 2195 Paris.
488 2134 570 2217 qaid.
585 2133 639 2194 eorl
650 2132 850 2195 rubrocolore
862 2132 1037 2197 interlineas
1049 2134 1137 2216 quart

155 2232 286 2315 certius]
303 2233 333 2297 V
348 2234 391 2298 F:
409 2234 614 2298 rectitudinis.
632 2229 678 2294 02
698 2233 897 2295 certitudinis.
931 2301 932 2304 Ἴ
1277 2284 1279 2288 ⁴
1361 2226 1385 2272 ²·

153 2347 210 2401 aut
229 2336 337 2410 aliter)
361 2335 385 2396 F
410 2352 467 2394 onr.
484 2342 551 2395 aut.
568 2333 586 2393 J
604 2335 636 2394 ct
651 2349 712 2396 roc.
729 2334 924 2410 crediderim,
952 2353 1040 2416 qaam
1062 2353 1138 2415 qaae
1159 2331 1225 2413 fae.
1248 2351 1304 2394 nec

115 2437 205 2511 ¹aliter
227 2434 340 2512 Paris,
367 2434 398 2495 in
425 2452 483 2515 quo
513 2437 611 2493 tamen
633 2429 721 2493 rubro
745 2431 847 2494 coloro
869 2432 946 2495 inter
967 2433 1061 2495 lineas
1081 2435 1239 2511 corrigitur
1255 2444 1309 2497 arat

116 2539 217 2620 aliter.
239 2535 299 2597 Pro
318 2554 451 2616 quaeqae
467 2530 580 2596 Adlor:
609 2550 733 2614 qaaere,
750 2532 851 2599 nescio
868 2533 957 2598 unde.

159 2637 298 2709 decerm
322 2633 469 2696 Parie.V
496 2634 527 2694 ct
549 2630 617 2696 eit.
641 2631 812 2693 &canera
861 2630 1004 2696 Attamen
1032 2633 1178 2697 inparis.
1208 2653 1308 2698 manus

117 2735 268 2799 recentior
300 2733 425 2810 corrigit
459 2733 599 2809 decani,
631 2732 664 2791 nt
687 2734 735 2793 est
762 2728 898 2794 nco.
949 2733 1141 2796 Kenchenius
1172 2739 1308 2796 annuat:

120 2835 229 2918 ,palei
246 2834 437 2910 discermoe,
461 2831 541 2913 quod
560 2830 596 2892 ad
615 2849 694 2893 orem
711 2832 826 2894 vetoris
845 2832 1009 2896 notatum.“
1050 2835 1099 2896 De
1115 2834 1219 2897 horum
1235 2853 1309 2896 ver-

120 2935 226 2999 borum
243 2931 413 2994 discrimine
431 2951 463 2993 v.
483 2929 636 2995 Drakenlr.
657 2930 692 2992 ad
710 2928 768 2992 Liv
794 2930 863 2994 Vll.
881 2939 910 2994 9.

164 3033 419 3111 aliudve—atro)
461 3030 507 3092 lta
530 3029 555 3092 0
578 3029 614 3092 U.
636 3030 670 3092 ln
691 3028 735 3093 V:
767 3031 855 3094 atiud
873 3035 905 3093 ia
920 3053 954 3095 rc
969 3042 1029 3096 tam
1046 3033 1217 3096 inciacorara
1233 3035 1311 3097 tolc-

124 3134 225 3197 rabitc
249 3136 329 3196 ciro.
364 3129 471 3207 Longe
494 3129 581 3192 aliter
602 3130 650 3192 erl.
673 3148 718 3211 pr.
735 3134 767 3192 et
787 3131 828 3193 nr
850 3151 919 3193 aare
936 3133 1009 3215 qaid
1022 3153 1094 3195 aere
1109 3144 1168 3197 tam
1185 3134 1312 3195 indeca-

124 3253 190 3317 rum
221 3241 253 3295 et
282 3230 472 3293 intolerabile
499 3230 674 3310 detepatam.
721 3230 817 3292 Paris.
837 3232 866 3294 J.
889 3234 921 3295 et
941 3250 1009 3298 reo:
1052 3232 1137 3295 Nam
1158 3234 1231 3316 paint
1244 3237 1312 3295 viro

126 3344 187 3414 tara
218 3331 394 3394 indecoram
425 3340 456 3391 et
480 3329 670 3391 intolerabile
692 3349 789 3411 quam.
831 3329 904 3394 Scir.
933 3333 1085 3394 emendat:
1116 3350 1210 3414 nepae
1228 3332 1316 3394 aliud

129 3431 252 3495 videtur
265 3441 325 3492 tam
340 3430 512 3492 indecoram
541 3429 612 3500 (aet
633 3428 844 3504 intolerabile)
856 3433 924 3493 ciro
939 3432 1104 3497 consulari.
1122 3429 1171 3496 Cl'.
1187 3433 1314 3499 Annott.

171 3530 253 3613 quaet
264 3530 334 3611 fieri
354 3533 430 3617 etc.)
469 3526 572 3590 Verba
593 3529 674 3610 qaod
692 3529 764 3610 [ieri
784 3549 909 3592 necesse
924 3540 986 3607 est,
1009 3535 1144 3614 quotieas
1163 3535 1316 3616 imperitia

127 3632 308 3711 praecessit,
332 3635 363 3688 et
381 3627 502 3689 adiutor
524 3624 584 3709 (sio
606 3623 697 3708 lego]
722 3629 856 3692 demovit
875 3650 974 3709 mara,
1001 3634 1069 3696 sunt
1089 3632 1314 3696 additamentum

126 3728 329 3790 adulterinum.
351 3725 489 3788 lllllNR.

169 3825 323 3910 quotieas)
350 3824 400 3887 lric
428 3828 460 3889 et
486 3824 595 3909 ubique
626 3826 714 3888 coll.
744 3830 776 3890 ct
801 3825 1050 3912 meliorescit,
1072 3851 1155 3897 more
1182 3834 1312 3915 antiquo.

128 3924 177 3993 Gi.
197 3925 324 3991 Annott.
1241 3967 1244 3971 ·
1299 3966 1303 3976 ·

169 4028 341 4107 praecessit
360 4027 426 4087 eius
445 4021 522 4106 etc.)
544 4024 616 4087 Mea
635 4021 720 4093 hacc,
733 4011 898 4088 emeidetlo
920 4029 977 4108 est,
998 4030 1127 4111 repetite
1145 4033 1250 4112 partim
1273 4051 1314 4094 ex

130 4124 217 4186 codd·
240 4124 392 4205 vestiglis,
409 4125 514 4204 partim
531 4141 572 4186 cx
593 4125 661 4186 edd.
675 4128 739 4188 vet.
761 4125 808 4187 En
829 4125 968 4190 librorum
983 4128 1084 4192 lectio.
1113 4128 1196 4194 GU:
1215 4151 1313 4215 prae-

131 4226 208 4286 cose't
228 4227 258 4286 ei
278 4223 332 4286 adi
352 4265 361 4284 .
383 4265 393 4285 .
416 4265 425 4286 .
448 4266 457 4285 .
481 4241 557 4286 arua
579 4225 624 4298 (in
645 4222 672 4287 0
693 4225 834 4288 incertum
856 4230 913 4309 aet,
936 4246 1011 4291 orua
1031 4228 1070 4291 sit
1091 4248 1128 4292 en
1147 4238 1240 4304 arua)
1256 4231 1313 4291 de-

128 4326 225 4388 earrit
244 4343 337 4387 mam.
358 4322 402 4386 V:
422 4329 594 4405 praecessit
611 4328 641 4386 ci
661 4343 682 4386 a
704 4326 775 4388 dico
795 4325 907 4390 Nerea
924 4327 1076 4395 decurrit:
1096 4349 1178 4391 usam
1192 4336 1313 4409 moram

129 4435 188 4510 etc,
230 4422 325 4485 Paris.
348 4425 380 4486 ct
400 4422 474 4484 edd:
494 4427 665 4504 praecessit
684 4428 749 4488 etas
770 4428 820 4488 cai
841 4425 1031 4495 decernitur:
1065 4427 1177 4500 (neas.
1203 4430 1313 4488 dece.

129 4527 222 4590 naar.
245 4521 343 4601 aaa)
363 4540 436 4586 usus
457 4540 579 4606 quoram
600 4527 659 4589 etc.
700 4524 841 4590 lldltorcs
866 4531 938 4607 post
962 4527 1029 4590 Pol.
1057 4526 1184 4591 halent:
1215 4544 1294 4608 prae

1022 4624 1089 4696 ι,
