<?xml version="1.0" encoding="UTF-8"?>
<!DOCTYPE html PUBLIC "-//W3C//DTD XHTML 1.0 Transitional//EN"
    "http://www.w3.org/TR/xhtml1/DTD/xhtml1-transitional.dtd">
<html xmlns="http://www.w3.org/1999/xhtml" xml:lang="en" lang="en">
 <head>
  <title>
</title>
<meta http-equiv="Content-Type" content="text/html;charset=utf-8" />
  <meta name='ocr-system' content='tesseract 3.04.00' />
  <meta name='ocr-capabilities' content='ocr_page ocr_carea ocr_par ocr_line ocrx_word'/>
</head>
<body>
  <div class='ocr_page' id='page_1' title='image "./sexjuliifrontin01dedegoog_0141.png"; bbox 0 0 2978 4988; ppageno 0'>
   <div class='ocr_carea' id='block_1_1' title="bbox 138 368 292 458">
    <p class='ocr_par' dir='ltr' id='par_1_1' title="bbox 138 368 292 458">
     <span class='ocr_line' id='line_1_1' title="bbox 138 368 292 458; baseline 0 -79"><span class='ocrx_word' id='word_1_1' title='bbox 138 384 188 458; x_wconf 55' lang='lat'>9⁸</span> <span class='ocrx_word' id='word_1_2' title='bbox 285 368 292 379; x_wconf 87' lang='lat'><strong>.</strong></span> 
     </span>
    </p>
   </div>
   <div class='ocr_carea' id='block_1_2' title="bbox 494 371 987 457">
    <p class='ocr_par' dir='ltr' id='par_1_2' title="bbox 494 371 987 457">
     <span class='ocr_line' id='line_1_2' title="bbox 494 371 987 457; baseline -0.006 0"><span class='ocrx_word' id='word_1_3' title='bbox 494 400 509 437; x_wconf 82' lang='lat'>··</span> <span class='ocrx_word' id='word_1_4' title='bbox 572 371 987 457; x_wconf 67' lang='lat' dir='ltr'>timuerimus</span> 
     </span>
    </p>
   </div>
   <div class='ocr_carea' id='block_1_3' title="bbox 139 602 1416 945">
    <p class='ocr_par' dir='ltr' id='par_1_3' title="bbox 139 602 1416 945">
     <span class='ocr_line' id='line_1_3' title="bbox 139 602 1416 711; baseline -0.002 -20"><span class='ocrx_word' id='word_1_5' title='bbox 139 613 212 692; x_wconf 84' lang='lat'>101</span> <span class='ocrx_word' id='word_1_6' title='bbox 237 616 401 689; x_wconf 84' lang='lat' dir='ltr'>locent.</span> <span class='ocrx_word' id='word_1_7' title='bbox 452 609 677 711; x_wconf 80' lang='lat' dir='ltr'>itemque,</span> <span class='ocrx_word' id='word_1_8' title='bbox 711 635 825 703; x_wconf 88' lang='lat' dir='ltr'>eum,</span> <span class='ocrx_word' id='word_1_9' title='bbox 859 612 1027 685; x_wconf 91' lang='lat' dir='ltr'>viarum</span> <span class='ocrx_word' id='word_1_10' title='bbox 1054 633 1234 709; x_wconf 89' lang='lat' dir='ltr'>quoque</span> <span class='ocrx_word' id='word_1_11' title='bbox 1262 602 1416 688; x_wconf 77' lang='lat' dir='ltr'>Cura·-</span> 
     </span>
     <span class='ocr_line' id='line_1_4' title="bbox 235 728 1415 826; baseline 0 -22"><span class='ocrx_word' id='word_1_12' title='bbox 235 744 365 805; x_wconf 88' lang='lat' dir='ltr'>tores</span> <span class='ocrx_word' id='word_1_13' title='bbox 393 731 720 826; x_wconf 72' lang='lat' dir='ltr'><strong>frumentique,</strong></span> <span class='ocrx_word' id='word_1_14' title='bbox 752 739 883 825; x_wconf 87' lang='lat' dir='ltr'>parte</span> <span class='ocrx_word' id='word_1_15' title='bbox 908 739 1071 825; x_wconf 86' lang='lat' dir='ltr'>quarta</span> <span class='ocrx_word' id='word_1_16' title='bbox 1098 731 1201 800; x_wconf 89' lang='lat' dir='ltr'>anni</span> <span class='ocrx_word' id='word_1_17' title='bbox 1227 728 1415 825; x_wconf 82' lang='lat' dir='ltr'>publico</span> 
     </span>
     <span class='ocr_line' id='line_1_5' title="bbox 237 841 1415 945; baseline -0.002 -25"><span class='ocrx_word' id='word_1_18' title='bbox 237 849 488 945; x_wconf 83' lang='lat' dir='ltr'>iungantur</span> <span class='ocrx_word' id='word_1_19' title='bbox 521 845 802 937; x_wconf 84' lang='lat' dir='ltr'>ministerio,</span> <span class='ocrx_word' id='word_1_20' title='bbox 839 855 884 915; x_wconf 92' lang='lat' dir='ltr'>ut</span> <span class='ocrx_word' id='word_1_21' title='bbox 917 841 1170 920; x_wconf 78' lang='lat' dir='ltr'><strong>Curatores</strong></span> <span class='ocrx_word' id='word_1_22' title='bbox 1203 867 1415 939; x_wconf 86' lang='lat' dir='ltr'>aquarum</span> 
     </span>
    </p>
   </div>
   <div class='ocr_carea' id='block_1_4' title="bbox 233 1158 1416 1542">
    <p class='ocr_par' dir='ltr' id='par_1_4' title="bbox 233 1158 1416 1542">
     <span class='ocr_line' id='line_1_6' title="bbox 235 1158 1414 1244; baseline 0 -19"><span class='ocrx_word' id='word_1_23' title='bbox 235 1165 342 1243; x_wconf 78' lang='lat' dir='ltr'>Aegre</span> <span class='ocrx_word' id='word_1_24' title='bbox 372 1163 510 1244; x_wconf 86' lang='lat' dir='ltr'>equidem</span> <span class='ocrx_word' id='word_1_25' title='bbox 535 1181 555 1222; x_wconf 84' lang='lat' dir='ltr'>a</span> <span class='ocrx_word' id='word_1_26' title='bbox 576 1179 621 1221; x_wconf 89' lang='lat' dir='ltr'>me</span> <span class='ocrx_word' id='word_1_27' title='bbox 645 1158 853 1241; x_wconf 72' lang='lat' dir='ltr'>impetrabant,</span> <span class='ocrx_word' id='word_1_28' title='bbox 882 1165 915 1223; x_wconf 88' lang='lat' dir='ltr'>ut</span> <span class='ocrx_word' id='word_1_29' title='bbox 943 1159 1082 1222; x_wconf 83' lang='lat' dir='ltr'>libromm</span> <span class='ocrx_word' id='word_1_30' title='bbox 1105 1162 1233 1222; x_wconf 89' lang='lat' dir='ltr'>omnium</span> <span class='ocrx_word' id='word_1_31' title='bbox 1255 1162 1414 1224; x_wconf 83' lang='lat' dir='ltr'>lectionem</span> 
     </span>
     <span class='ocr_line' id='line_1_7' title="bbox 235 1259 1416 1343; baseline 0.001 -19"><span class='ocrx_word' id='word_1_32' title='bbox 235 1283 359 1343; x_wconf 86' lang='lat' dir='ltr'>prorsus</span> <span class='ocrx_word' id='word_1_33' title='bbox 381 1279 575 1340; x_wconf 72' lang='lat' dir='ltr'>aspernarer,</span> <span class='ocrx_word' id='word_1_34' title='bbox 602 1266 634 1320; x_wconf 91' lang='lat' dir='ltr'>et</span> <span class='ocrx_word' id='word_1_35' title='bbox 656 1260 842 1341; x_wconf 87' lang='lat' dir='ltr'>interpretari</span> <span class='ocrx_word' id='word_1_36' title='bbox 870 1259 922 1319; x_wconf 88' lang='lat' dir='ltr'>illa</span> <span class='ocrx_word' id='word_1_37' title='bbox 945 1278 1024 1341; x_wconf 83' lang='lat' dir='ltr'>quae</span> <span class='ocrx_word' id='word_1_38' title='bbox 1045 1278 1094 1342; x_wconf 82' lang='lat' dir='ltr'>op.</span> <span class='ocrx_word' id='word_1_39' title='bbox 1117 1269 1221 1324; x_wconf 84' lang='lat' dir='ltr'>essem</span> <span class='ocrx_word' id='word_1_40' title='bbox 1238 1262 1416 1342; x_wconf 79' lang='lat' dir='ltr'>praetendo</span> 
     </span>
     <span class='ocr_line' id='line_1_8' title="bbox 236 1354 1413 1440; baseline -0.001 -17"><span class='ocrx_word' id='word_1_41' title='bbox 236 1363 366 1424; x_wconf 85' lang='lat' dir='ltr'>conabar</span> <span class='ocrx_word' id='word_1_42' title='bbox 383 1364 441 1435; x_wconf 82' lang='lat' dir='ltr'>ita,</span> <span class='ocrx_word' id='word_1_43' title='bbox 465 1365 498 1421; x_wconf 91' lang='lat' dir='ltr'>ut</span> <span class='ocrx_word' id='word_1_44' title='bbox 514 1362 572 1420; x_wconf 86' lang='lat' dir='ltr'>vim</span> <span class='ocrx_word' id='word_1_45' title='bbox 592 1354 800 1432; x_wconf 76' lang='lat' dir='ltr'>necessitatis,</span> <span class='ocrx_word' id='word_1_46' title='bbox 824 1360 880 1419; x_wconf 91' lang='lat' dir='ltr'>iam</span> <span class='ocrx_word' id='word_1_47' title='bbox 897 1377 968 1419; x_wconf 85' lang='lat' dir='ltr'>voe.</span> <span class='ocrx_word' id='word_1_48' title='bbox 981 1377 1059 1440; x_wconf 85' lang='lat' dir='ltr'>opus</span> <span class='ocrx_word' id='word_1_49' title='bbox 1076 1367 1176 1420; x_wconf 83' lang='lat' dir='ltr'>essent</span> <span class='ocrx_word' id='word_1_50' title='bbox 1192 1358 1413 1437; x_wconf 88' lang='lat' dir='ltr'>inhahitantem,</span> 
     </span>
     <span class='ocr_line' id='line_1_9' title="bbox 233 1449 1413 1542; baseline 0.001 -22"><span class='ocrx_word' id='word_1_51' title='bbox 233 1462 263 1522; x_wconf 90' lang='lat' dir='ltr'>in</span> <span class='ocrx_word' id='word_1_52' title='bbox 284 1460 500 1541; x_wconf 86' lang='lat' dir='ltr'>„praehendi“</span> <span class='ocrx_word' id='word_1_53' title='bbox 522 1477 641 1542; x_wconf 88' lang='lat' dir='ltr'>quoqne</span> <span class='ocrx_word' id='word_1_54' title='bbox 664 1457 785 1518; x_wconf 87' lang='lat' dir='ltr'>rerlmm</span> <span class='ocrx_word' id='word_1_55' title='bbox 805 1449 999 1533; x_wconf 69' lang='lat' dir='ltr'>translatam,</span> <span class='ocrx_word' id='word_1_56' title='bbox 1024 1456 1194 1519; x_wconf 75' lang='lat' dir='ltr'>Frontinum</span> <span class='ocrx_word' id='word_1_57' title='bbox 1218 1477 1330 1536; x_wconf 79' lang='lat' dir='ltr'>augere</span> <span class='ocrx_word' id='word_1_58' title='bbox 1353 1481 1413 1522; x_wconf 75' lang='lat' dir='ltr'>vo—</span> 
     </span>
    </p>
   </div>
   <div class='ocr_carea' id='block_1_5' title="bbox 27 1524 1414 1639">
    <p class='ocr_par' dir='ltr' id='par_1_5' title="bbox 27 1524 1414 1639">
     <span class='ocr_line' id='line_1_10' title="bbox 27 1524 1414 1639; baseline 0.009 -28"><span class='ocrx_word' id='word_1_59' title='bbox 27 1524 82 1577; x_wconf 54' lang='lat'>&#39;&#39;&#39;⁴&#39;⁹‘</span> <span class='ocrx_word' id='word_1_60' title='bbox 114 1580 119 1586; x_wconf 95' lang='lat'>·</span> <span class='ocrx_word' id='word_1_61' title='bbox 233 1560 327 1622; x_wconf 88' lang='lat' dir='ltr'>luisse</span> <span class='ocrx_word' id='word_1_62' title='bbox 356 1565 528 1622; x_wconf 82' lang='lat' dir='ltr'>statuerem.</span> <span class='ocrx_word' id='word_1_63' title='bbox 571 1558 712 1618; x_wconf 80' lang='lat' dir='ltr'>Attamen</span> <span class='ocrx_word' id='word_1_64' title='bbox 737 1558 864 1616; x_wconf 92' lang='lat' dir='ltr'>omnium</span> <span class='ocrx_word' id='word_1_65' title='bbox 893 1558 1005 1636; x_wconf 85' lang='lat' dir='ltr'>optima</span> <span class='ocrx_word' id='word_1_66' title='bbox 1029 1560 1131 1639; x_wconf 89' lang='lat' dir='ltr'>utique</span> <span class='ocrx_word' id='word_1_67' title='bbox 1159 1557 1229 1618; x_wconf 79' lang='lat' dir='ltr'>nrilri</span> <span class='ocrx_word' id='word_1_68' title='bbox 1257 1561 1414 1623; x_wconf 84' lang='lat' dir='ltr'>videbatur</span> 
     </span>
    </p>
   </div>
   <div class='ocr_carea' id='block_1_6' title="bbox 232 1655 1413 2624">
    <p class='ocr_par' dir='ltr' id='par_1_6' title="bbox 232 1655 1413 2624">
     <span class='ocr_line' id='line_1_11' title="bbox 235 1655 1413 1740; baseline -0.004 -20"><span class='ocrx_word' id='word_1_69' title='bbox 235 1658 401 1720; x_wconf 77' lang='lat' dir='ltr'>emendatio</span> <span class='ocrx_word' id='word_1_70' title='bbox 423 1659 589 1732; x_wconf 88' lang='lat' dir='ltr'>Brissonii,</span> <span class='ocrx_word' id='word_1_71' title='bbox 618 1655 722 1717; x_wconf 81' lang='lat' dir='ltr'>al&#39;ol</span> <span class='ocrx_word' id='word_1_72' title='bbox 744 1661 884 1735; x_wconf 85' lang='lat' dir='ltr'>recepta:</span> <span class='ocrx_word' id='word_1_73' title='bbox 914 1674 991 1737; x_wconf 83' lang='lat' dir='ltr'>quae</span> <span class='ocrx_word' id='word_1_74' title='bbox 1011 1689 1050 1700; x_wconf 89' lang='lat'>—-</span> <span class='ocrx_word' id='word_1_75' title='bbox 1072 1677 1123 1738; x_wconf 85' lang='lat' dir='ltr'>op.</span> <span class='ocrx_word' id='word_1_76' title='bbox 1145 1667 1227 1719; x_wconf 85' lang='lat' dir='ltr'>esset</span> <span class='ocrx_word' id='word_1_77' title='bbox 1249 1658 1339 1740; x_wconf 78' lang='lat' dir='ltr'>(Pol.</span> <span class='ocrx_word' id='word_1_78' title='bbox 1362 1682 1413 1724; x_wconf 88' lang='lat' dir='ltr'>es.</span> 
     </span>
     <span class='ocr_line' id='line_1_12' title="bbox 232 1755 1412 1845; baseline 0 -23"><span class='ocrx_word' id='word_1_79' title='bbox 232 1765 318 1831; x_wconf 80' lang='lat' dir='ltr'>sent)</span> <span class='ocrx_word' id='word_1_80' title='bbox 342 1760 381 1821; x_wconf 83' lang='lat' dir='ltr'>iis</span> <span class='ocrx_word' id='word_1_81' title='bbox 405 1758 477 1820; x_wconf 86' lang='lat' dir='ltr'>Cur.</span> <span class='ocrx_word' id='word_1_82' title='bbox 498 1755 657 1839; x_wconf 76' lang='lat' dir='ltr'>praeberi,</span> <span class='ocrx_word' id='word_1_83' title='bbox 682 1755 798 1845; x_wconf 59' lang='lat' dir='ltr'>Q-Aei.</span> <span class='ocrx_word' id='word_1_84' title='bbox 821 1788 859 1797; x_wconf 83' lang='lat'><em>—</em></span> <span class='ocrx_word' id='word_1_85' title='bbox 883 1775 920 1817; x_wconf 85' lang='lat' dir='ltr'>eu</span> <span class='ocrx_word' id='word_1_86' title='bbox 939 1755 1116 1843; x_wconf 78' lang='lat' dir='ltr'>praebenda</span> <span class='ocrx_word' id='word_1_87' title='bbox 1137 1756 1198 1817; x_wconf 88' lang='lat' dir='ltr'>ioe.</span> <span class='ocrx_word' id='word_1_88' title='bbox 1241 1759 1294 1820; x_wconf 85' lang='lat' dir='ltr'>Eu</span> <span class='ocrx_word' id='word_1_89' title='bbox 1315 1764 1363 1821; x_wconf 90' lang='lat' dir='ltr'>est</span> <span class='ocrx_word' id='word_1_90' title='bbox 1384 1762 1412 1822; x_wconf 91' lang='lat' dir='ltr'>iu</span> 
     </span>
     <span class='ocr_line' id='line_1_13' title="bbox 233 1854 1411 1936; baseline -0.002 -14"><span class='ocrx_word' id='word_1_91' title='bbox 233 1860 273 1935; x_wconf 86' lang='lat' dir='ltr'>F,</span> <span class='ocrx_word' id='word_1_92' title='bbox 302 1864 332 1920; x_wconf 89' lang='lat' dir='ltr'>et</span> <span class='ocrx_word' id='word_1_93' title='bbox 354 1860 383 1918; x_wconf 93' lang='lat' dir='ltr'>ni</span> <span class='ocrx_word' id='word_1_94' title='bbox 406 1855 495 1917; x_wconf 89' lang='lat' dir='ltr'>iallor</span> <span class='ocrx_word' id='word_1_95' title='bbox 514 1854 602 1915; x_wconf 89' lang='lat' dir='ltr'>etiam</span> <span class='ocrx_word' id='word_1_96' title='bbox 626 1855 655 1914; x_wconf 94' lang='lat' dir='ltr'>in</span> <span class='ocrx_word' id='word_1_97' title='bbox 678 1855 725 1915; x_wconf 77' lang='lat' dir='ltr'>eri.</span> <span class='ocrx_word' id='word_1_98' title='bbox 748 1871 809 1933; x_wconf 82' lang='lat' dir='ltr'>pr.3</span> <span class='ocrx_word' id='word_1_99' title='bbox 838 1872 988 1936; x_wconf 79' lang='lat' dir='ltr'>saepeque</span> <span class='ocrx_word' id='word_1_100' title='bbox 1010 1858 1168 1933; x_wconf 87' lang='lat' dir='ltr'>permutari</span> <span class='ocrx_word' id='word_1_101' title='bbox 1191 1876 1229 1918; x_wconf 86' lang='lat' dir='ltr'>ea</span> <span class='ocrx_word' id='word_1_102' title='bbox 1251 1862 1282 1918; x_wconf 91' lang='lat' dir='ltr'>et</span> <span class='ocrx_word' id='word_1_103' title='bbox 1302 1869 1347 1933; x_wconf 88' lang='lat' dir='ltr'>et,</span> <span class='ocrx_word' id='word_1_104' title='bbox 1376 1862 1411 1920; x_wconf 76' lang='lat' dir='ltr'>ari</span> 
     </span>
     <span class='ocr_line' id='line_1_14' title="bbox 233 1953 1410 2037; baseline 0 -18"><span class='ocrx_word' id='word_1_105' title='bbox 233 1959 358 2020; x_wconf 47' lang='lat' dir='ltr'>Aristi</span> <span class='ocrx_word' id='word_1_106' title='bbox 381 1955 561 2034; x_wconf 84' lang='lat' dir='ltr'>aeeepimus.</span> <span class='ocrx_word' id='word_1_107' title='bbox 605 1953 715 2013; x_wconf 89' lang='lat' dir='ltr'>Verum</span> <span class='ocrx_word' id='word_1_108' title='bbox 739 1955 889 2013; x_wconf 88' lang='lat' dir='ltr'>enimvero</span> <span class='ocrx_word' id='word_1_109' title='bbox 913 1973 972 2015; x_wconf 90' lang='lat' dir='ltr'>non</span> <span class='ocrx_word' id='word_1_110' title='bbox 993 1956 1097 2033; x_wconf 87' lang='lat' dir='ltr'>potui,</span> <span class='ocrx_word' id='word_1_111' title='bbox 1121 1956 1191 2037; x_wconf 88' lang='lat' dir='ltr'>quio</span> <span class='ocrx_word' id='word_1_112' title='bbox 1213 1956 1302 2034; x_wconf 90' lang='lat' dir='ltr'>paulo</span> <span class='ocrx_word' id='word_1_113' title='bbox 1326 1960 1410 2019; x_wconf 91' lang='lat' dir='ltr'>aliam</span> 
     </span>
     <span class='ocr_line' id='line_1_15' title="bbox 234 2051 1411 2137; baseline -0.003 -20"><span class='ocrx_word' id='word_1_114' title='bbox 234 2055 408 2117; x_wconf 81' lang='lat' dir='ltr'>enrenriamii</span> <span class='ocrx_word' id='word_1_115' title='bbox 424 2054 566 2116; x_wconf 87' lang='lat' dir='ltr'>rationem</span> <span class='ocrx_word' id='word_1_116' title='bbox 584 2069 736 2132; x_wconf 84' lang='lat' dir='ltr'>sequerer.</span> <span class='ocrx_word' id='word_1_117' title='bbox 774 2051 916 2112; x_wconf 84' lang='lat' dir='ltr'>Nimirum</span> <span class='ocrx_word' id='word_1_118' title='bbox 936 2053 1081 2133; x_wconf 80' lang='lat' dir='ltr'>praeberi</span> <span class='ocrx_word' id='word_1_119' title='bbox 1102 2074 1158 2130; x_wconf 88' lang='lat' dir='ltr'>eu,</span> <span class='ocrx_word' id='word_1_120' title='bbox 1180 2057 1260 2136; x_wconf 89' lang='lat' dir='ltr'>quod</span> <span class='ocrx_word' id='word_1_121' title='bbox 1277 2058 1411 2137; x_wconf 79' lang='lat' dir='ltr'>recipere</span> 
     </span>
     <span class='ocr_line' id='line_1_16' title="bbox 232 2150 1410 2239; baseline 0.002 -22"><span class='ocrx_word' id='word_1_122' title='bbox 232 2157 347 2234; x_wconf 88' lang='lat' dir='ltr'>visum,</span> <span class='ocrx_word' id='word_1_123' title='bbox 370 2155 399 2215; x_wconf 92' lang='lat' dir='ltr'>in</span> <span class='ocrx_word' id='word_1_124' title='bbox 422 2155 510 2215; x_wconf 79' lang='lat' dir='ltr'>codri.</span> <span class='ocrx_word' id='word_1_125' title='bbox 534 2153 718 2213; x_wconf 80' lang='lat' dir='ltr'>scribebatur</span> <span class='ocrx_word' id='word_1_126' title='bbox 737 2150 857 2230; x_wconf 81' lang='lat' dir='ltr'>pruei’i</span> <span class='ocrx_word' id='word_1_127' title='bbox 877 2171 938 2225; x_wconf 63' lang='lat' dir='ltr'>eur</span> <span class='ocrx_word' id='word_1_128' title='bbox 961 2155 1038 2233; x_wconf 90' lang='lat' dir='ltr'>quod</span> <span class='ocrx_word' id='word_1_129' title='bbox 1062 2156 1193 2214; x_wconf 85' lang='lat' dir='ltr'>tortasse</span> <span class='ocrx_word' id='word_1_130' title='bbox 1215 2158 1410 2239; x_wconf 81' lang='lat' dir='ltr'>antiquissimi</span> 
     </span>
     <span class='ocr_line' id='line_1_17' title="bbox 233 2247 1410 2340; baseline 0.004 -25"><span class='ocrx_word' id='word_1_131' title='bbox 233 2255 344 2316; x_wconf 86' lang='lat' dir='ltr'>librarii</span> <span class='ocrx_word' id='word_1_132' title='bbox 367 2254 480 2315; x_wconf 87' lang='lat' dir='ltr'>incuria</span> <span class='ocrx_word' id='word_1_133' title='bbox 502 2253 531 2312; x_wconf 92' lang='lat' dir='ltr'>in</span> <span class='ocrx_word' id='word_1_134' title='bbox 550 2247 712 2332; x_wconf 62' lang='lat' dir='ltr'>prueiZdu</span> <span class='ocrx_word' id='word_1_135' title='bbox 733 2251 752 2309; x_wconf 91' lang='lat' dir='ltr'>i.</span> <span class='ocrx_word' id='word_1_136' title='bbox 776 2269 803 2310; x_wconf 89' lang='lat' dir='ltr'>e.</span> <span class='ocrx_word' id='word_1_137' title='bbox 824 2251 1003 2331; x_wconf 81' lang='lat' dir='ltr'>praebendo</span> <span class='ocrx_word' id='word_1_138' title='bbox 1023 2255 1242 2330; x_wconf 88' lang='lat' dir='ltr'>pessumdatum</span> <span class='ocrx_word' id='word_1_139' title='bbox 1266 2261 1331 2319; x_wconf 87' lang='lat' dir='ltr'>est:</span> <span class='ocrx_word' id='word_1_140' title='bbox 1353 2278 1410 2340; x_wconf 92' lang='lat' dir='ltr'>quo</span> 
     </span>
     <span class='ocr_line' id='line_1_18' title="bbox 232 2350 1410 2417; baseline 0.003 -3"><span class='ocrx_word' id='word_1_141' title='bbox 232 2356 313 2416; x_wconf 83' lang='lat' dir='ltr'>laeto</span> <span class='ocrx_word' id='word_1_142' title='bbox 337 2355 413 2415; x_wconf 89' lang='lat' dir='ltr'>inira</span> <span class='ocrx_word' id='word_1_143' title='bbox 432 2351 470 2412; x_wconf 89' lang='lat' dir='ltr'>ad</span> <span class='ocrx_word' id='word_1_144' title='bbox 490 2352 741 2412; x_wconf 81' lang='lat' dir='ltr'>euristruetionem</span> <span class='ocrx_word' id='word_1_145' title='bbox 765 2368 821 2410; x_wconf 90' lang='lat' dir='ltr'>non</span> <span class='ocrx_word' id='word_1_146' title='bbox 845 2350 1016 2412; x_wconf 79' lang='lat' dir='ltr'>intellectae</span> <span class='ocrx_word' id='word_1_147' title='bbox 1039 2355 1204 2414; x_wconf 87' lang='lat' dir='ltr'>sententiae</span> <span class='ocrx_word' id='word_1_148' title='bbox 1227 2354 1301 2414; x_wconf 86' lang='lat' dir='ltr'>male</span> <span class='ocrx_word' id='word_1_149' title='bbox 1324 2358 1410 2417; x_wconf 87' lang='lat' dir='ltr'>soili-</span> 
     </span>
     <span class='ocr_line' id='line_1_19' title="bbox 232 2448 853 2533; baseline -0.013 -17"><span class='ocrx_word' id='word_1_150' title='bbox 232 2459 282 2517; x_wconf 87' lang='lat' dir='ltr'>eet</span> <span class='ocrx_word' id='word_1_151' title='bbox 302 2453 492 2533; x_wconf 86' lang='lat' dir='ltr'>reparandam</span> <span class='ocrx_word' id='word_1_152' title='bbox 515 2448 722 2527; x_wconf 88' lang='lat' dir='ltr'>interpolatum</span> <span class='ocrx_word' id='word_1_153' title='bbox 746 2453 853 2510; x_wconf 86' lang='lat' dir='ltr'>estet.</span> 
     </span>
     <span class='ocr_line' id='line_1_20' title="bbox 272 2551 620 2624; baseline -0.026 -9"><span class='ocrx_word' id='word_1_154' title='bbox 272 2558 301 2615; x_wconf 83' lang='lat' dir='ltr'>si</span> <span class='ocrx_word' id='word_1_155' title='bbox 323 2557 377 2624; x_wconf 84' lang='lat' dir='ltr'>iis]</span> <span class='ocrx_word' id='word_1_156' title='bbox 399 2551 468 2611; x_wconf 78' lang='lat' dir='ltr'>vi</span> <span class='ocrx_word' id='word_1_157' title='bbox 491 2568 547 2610; x_wconf 87' lang='lat' dir='ltr'>om.</span> <span class='ocrx_word' id='word_1_158' title='bbox 570 2552 620 2610; x_wconf 81' lang='lat' dir='ltr'>iis.</span> 
     </span>
    </p>
   </div>
   <div class='ocr_carea' id='block_1_7' title="bbox 152 2646 1409 2733">
    <p class='ocr_par' dir='ltr' id='par_1_7' title="bbox 152 2646 1409 2733">
     <span class='ocr_line' id='line_1_21' title="bbox 152 2646 1409 2733; baseline -0.003 -13"><span class='ocrx_word' id='word_1_159' title='bbox 152 2667 197 2720; x_wconf 86' lang='lat'>101</span> <span class='ocrx_word' id='word_1_160' title='bbox 274 2652 403 2733; x_wconf 86' lang='lat' dir='ltr'>itemque</span> <span class='ocrx_word' id='word_1_161' title='bbox 431 2653 509 2722; x_wconf 86' lang='lat' dir='ltr'>ete.)</span> <span class='ocrx_word' id='word_1_162' title='bbox 545 2647 609 2710; x_wconf 88' lang='lat' dir='ltr'>Pol.</span> <span class='ocrx_word' id='word_1_163' title='bbox 640 2647 798 2725; x_wconf 76' lang='lat' dir='ltr'>vulgavit:</span> <span class='ocrx_word' id='word_1_164' title='bbox 835 2646 981 2731; x_wconf 85' lang='lat' dir='ltr'>itemque,</span> <span class='ocrx_word' id='word_1_165' title='bbox 1010 2671 1073 2714; x_wconf 87' lang='lat' dir='ltr'>cum</span> <span class='ocrx_word' id='word_1_166' title='bbox 1101 2655 1216 2712; x_wconf 80' lang='lat' dir='ltr'>uturum</span> <span class='ocrx_word' id='word_1_167' title='bbox 1244 2653 1409 2716; x_wconf 80' lang='lat' dir='ltr'>Curatores</span> 
     </span>
    </p>
   </div>
   <div class='ocr_carea' id='block_1_8' title="bbox 218 2746 1409 4612">
    <p class='ocr_par' dir='ltr' id='par_1_8' title="bbox 218 2746 1409 4612">
     <span class='ocr_line' id='line_1_22' title="bbox 231 2746 1409 2834; baseline 0.004 -23"><span class='ocrx_word' id='word_1_168' title='bbox 231 2751 430 2831; x_wconf 75' lang='lat' dir='ltr'>frumentique</span> <span class='ocrx_word' id='word_1_169' title='bbox 450 2768 482 2829; x_wconf 79' lang='lat' dir='ltr'>p.</span> <span class='ocrx_word' id='word_1_170' title='bbox 501 2767 578 2829; x_wconf 76' lang='lat' dir='ltr'>qu.</span> <span class='ocrx_word' id='word_1_171' title='bbox 594 2765 627 2828; x_wconf 86' lang='lat' dir='ltr'>p.</span> <span class='ocrx_word' id='word_1_172' title='bbox 648 2746 851 2827; x_wconf 78' lang='lat' dir='ltr'>lunqeloutur</span> <span class='ocrx_word' id='word_1_173' title='bbox 872 2769 927 2823; x_wconf 86' lang='lat' dir='ltr'>m.,</span> <span class='ocrx_word' id='word_1_174' title='bbox 957 2759 989 2809; x_wconf 83' lang='lat' dir='ltr'>ut</span> <span class='ocrx_word' id='word_1_175' title='bbox 1010 2749 1081 2810; x_wconf 89' lang='lat' dir='ltr'>Cur.</span> <span class='ocrx_word' id='word_1_176' title='bbox 1104 2769 1154 2832; x_wconf 87' lang='lat' dir='ltr'>aq.</span> <span class='ocrx_word' id='word_1_177' title='bbox 1178 2754 1235 2812; x_wconf 87' lang='lat' dir='ltr'>oio.</span> <span class='ocrx_word' id='word_1_178' title='bbox 1259 2754 1409 2834; x_wconf 84' lang='lat' dir='ltr'>interpre-</span> 
     </span>
     <span class='ocr_line' id='line_1_23' title="bbox 233 2847 1408 2928; baseline 0.003 -18"><span class='ocrx_word' id='word_1_179' title='bbox 233 2853 328 2911; x_wconf 86' lang='lat' dir='ltr'>tatus:</span> <span class='ocrx_word' id='word_1_180' title='bbox 358 2847 491 2927; x_wconf 89' lang='lat' dir='ltr'>itemque</span> <span class='ocrx_word' id='word_1_181' title='bbox 518 2850 713 2907; x_wconf 85' lang='lat' dir='ltr'>oormtitutum</span> <span class='ocrx_word' id='word_1_182' title='bbox 741 2848 813 2917; x_wconf 83' lang='lat' dir='ltr'>l&#39;nit,</span> <span class='ocrx_word' id='word_1_183' title='bbox 844 2852 876 2906; x_wconf 91' lang='lat' dir='ltr'>ut</span> <span class='ocrx_word' id='word_1_184' title='bbox 904 2847 977 2909; x_wconf 83' lang='lat' dir='ltr'>Cur.</span> <span class='ocrx_word' id='word_1_185' title='bbox 1000 2866 1136 2928; x_wconf 88' lang='lat' dir='ltr'>aquarum</span> <span class='ocrx_word' id='word_1_186' title='bbox 1158 2855 1269 2912; x_wconf 68' lang='lat' dir='ltr'>vacem</span> <span class='ocrx_word' id='word_1_187' title='bbox 1290 2852 1408 2915; x_wconf 88' lang='lat' dir='ltr'>iudiciis</span> 
     </span>
     <span class='ocr_line' id='line_1_24' title="bbox 232 2946 1408 3028; baseline 0.003 -19"><span class='ocrx_word' id='word_1_188' title='bbox 232 2967 268 3009; x_wconf 89' lang='lat' dir='ltr'>ea</span> <span class='ocrx_word' id='word_1_189' title='bbox 289 2952 392 3028; x_wconf 84' lang='lat' dir='ltr'>quarta</span> <span class='ocrx_word' id='word_1_190' title='bbox 412 2951 496 3026; x_wconf 90' lang='lat' dir='ltr'>parte</span> <span class='ocrx_word' id='word_1_191' title='bbox 518 2949 603 3020; x_wconf 75' lang='lat' dir='ltr'>antri,</span> <span class='ocrx_word' id='word_1_192' title='bbox 625 2965 689 3006; x_wconf 86' lang='lat' dir='ltr'>eum</span> <span class='ocrx_word' id='word_1_193' title='bbox 714 2946 749 3014; x_wconf 88' lang='lat' dir='ltr'>(i.</span> <span class='ocrx_word' id='word_1_194' title='bbox 763 2963 791 3002; x_wconf 89' lang='lat' dir='ltr'>e.</span> <span class='ocrx_word' id='word_1_195' title='bbox 815 2946 948 3025; x_wconf 77' lang='lat' dir='ltr'>epirairdo,</span> <span class='ocrx_word' id='word_1_196' title='bbox 971 2965 1023 3005; x_wconf 90' lang='lat' dir='ltr'>seu</span> <span class='ocrx_word' id='word_1_197' title='bbox 1047 2966 1104 3027; x_wconf 91' lang='lat' dir='ltr'>qua</span> <span class='ocrx_word' id='word_1_198' title='bbox 1126 2953 1226 3025; x_wconf 85' lang='lat' dir='ltr'>parte)</span> <span class='ocrx_word' id='word_1_199' title='bbox 1251 2949 1321 3011; x_wconf 81' lang='lat' dir='ltr'>Cur.</span> <span class='ocrx_word' id='word_1_200' title='bbox 1340 2953 1408 3013; x_wconf 86' lang='lat' dir='ltr'>via-</span> 
     </span>
     <span class='ocr_line' id='line_1_25' title="bbox 231 3043 1408 3125; baseline 0.002 -18"><span class='ocrx_word' id='word_1_201' title='bbox 231 3066 292 3108; x_wconf 93' lang='lat' dir='ltr'>rum</span> <span class='ocrx_word' id='word_1_202' title='bbox 323 3049 408 3107; x_wconf 85' lang='lat' dir='ltr'>i’rum.</span> <span class='ocrx_word' id='word_1_203' title='bbox 437 3044 556 3123; x_wconf 83' lang='lat' dir='ltr'>prrbiioo</span> <span class='ocrx_word' id='word_1_204' title='bbox 586 3045 785 3120; x_wconf 80' lang='lat' dir='ltr'>iungebantur</span> <span class='ocrx_word' id='word_1_205' title='bbox 811 3043 896 3104; x_wconf 54' lang='lat' dir='ltr'>mim⁸</span> <span class='ocrx_word' id='word_1_206' title='bbox 921 3044 1020 3120; x_wconf 83' lang='lat' dir='ltr'>Idem,</span> <span class='ocrx_word' id='word_1_207' title='bbox 1053 3043 1128 3107; x_wconf 87' lang='lat' dir='ltr'>hano</span> <span class='ocrx_word' id='word_1_208' title='bbox 1156 3048 1309 3125; x_wconf 89' lang='lat' dir='ltr'>periodum</span> <span class='ocrx_word' id='word_1_209' title='bbox 1338 3069 1408 3112; x_wconf 87' lang='lat' dir='ltr'>esse</span> 
     </span>
     <span class='ocr_line' id='line_1_26' title="bbox 230 3141 1408 3225; baseline 0.003 -19"><span class='ocrx_word' id='word_1_210' title='bbox 230 3151 408 3225; x_wconf 85' lang='lat' dir='ltr'>postremam</span> <span class='ocrx_word' id='word_1_211' title='bbox 431 3144 466 3204; x_wconf 83' lang='lat' dir='ltr'>S.</span> <span class='ocrx_word' id='word_1_212' title='bbox 477 3143 513 3207; x_wconf 82' lang='lat' dir='ltr'>C.</span> <span class='ocrx_word' id='word_1_213' title='bbox 535 3150 647 3224; x_wconf 90' lang='lat' dir='ltr'>partem</span> <span class='ocrx_word' id='word_1_214' title='bbox 670 3143 822 3219; x_wconf 77' lang='lat' dir='ltr'>iudicans,</span> <span class='ocrx_word' id='word_1_215' title='bbox 844 3141 902 3202; x_wconf 87' lang='lat' dir='ltr'>hoo</span> <span class='ocrx_word' id='word_1_216' title='bbox 920 3145 1028 3206; x_wconf 85' lang='lat' dir='ltr'>irulioio</span> <span class='ocrx_word' id='word_1_217' title='bbox 1047 3145 1206 3206; x_wconf 89' lang='lat' dir='ltr'>deterritus</span> <span class='ocrx_word' id='word_1_218' title='bbox 1224 3153 1271 3208; x_wconf 89' lang='lat' dir='ltr'>est</span> <span class='ocrx_word' id='word_1_219' title='bbox 1287 3166 1305 3206; x_wconf 89' lang='lat' dir='ltr'>a</span> <span class='ocrx_word' id='word_1_220' title='bbox 1320 3151 1408 3211; x_wconf 83' lang='lat' dir='ltr'>Bris-</span> 
     </span>
     <span class='ocr_line' id='line_1_27' title="bbox 232 3241 1407 3324; baseline 0.004 -20"><span class='ocrx_word' id='word_1_221' title='bbox 232 3246 335 3324; x_wconf 89' lang='lat' dir='ltr'>sonio,</span> <span class='ocrx_word' id='word_1_222' title='bbox 358 3244 436 3305; x_wconf 92' lang='lat' dir='ltr'>iliam</span> <span class='ocrx_word' id='word_1_223' title='bbox 458 3262 514 3324; x_wconf 90' lang='lat' dir='ltr'>pro</span> <span class='ocrx_word' id='word_1_224' title='bbox 536 3244 569 3305; x_wconf 83' lang='lat' dir='ltr'>S.</span> <span class='ocrx_word' id='word_1_225' title='bbox 587 3241 624 3304; x_wconf 84' lang='lat' dir='ltr'>C.</span> <span class='ocrx_word' id='word_1_226' title='bbox 648 3246 731 3321; x_wconf 85' lang='lat' dir='ltr'>parte</span> <span class='ocrx_word' id='word_1_227' title='bbox 752 3260 810 3302; x_wconf 91' lang='lat' dir='ltr'>non</span> <span class='ocrx_word' id='word_1_228' title='bbox 833 3248 1028 3318; x_wconf 80' lang='lat' dir='ltr'>agnoscente.</span> <span class='ocrx_word' id='word_1_229' title='bbox 1070 3244 1212 3306; x_wconf 88' lang='lat' dir='ltr'>Proiecto</span> <span class='ocrx_word' id='word_1_230' title='bbox 1236 3249 1281 3308; x_wconf 89' lang='lat' dir='ltr'>sio</span> <span class='ocrx_word' id='word_1_231' title='bbox 1302 3250 1407 3321; x_wconf 89' lang='lat' dir='ltr'>perio-</span> 
     </span>
     <span class='ocr_line' id='line_1_28' title="bbox 233 3339 1406 3424; baseline 0.002 -20"><span class='ocrx_word' id='word_1_232' title='bbox 233 3344 306 3421; x_wconf 90' lang='lat' dir='ltr'>dus,</span> <span class='ocrx_word' id='word_1_233' title='bbox 335 3343 406 3404; x_wconf 87' lang='lat' dir='ltr'>lieet</span> <span class='ocrx_word' id='word_1_234' title='bbox 433 3343 564 3424; x_wconf 81' lang='lat' dir='ltr'>itemque</span> <span class='ocrx_word' id='word_1_235' title='bbox 590 3340 702 3401; x_wconf 82' lang='lat' dir='ltr'>habeas</span> <span class='ocrx_word' id='word_1_236' title='bbox 725 3342 754 3400; x_wconf 91' lang='lat' dir='ltr'>in</span> <span class='ocrx_word' id='word_1_237' title='bbox 777 3340 809 3402; x_wconf 86' lang='lat' dir='ltr'>S.</span> <span class='ocrx_word' id='word_1_238' title='bbox 832 3339 867 3402; x_wconf 79' lang='lat' dir='ltr'>C.</span> <span class='ocrx_word' id='word_1_239' title='bbox 890 3343 977 3402; x_wconf 92' lang='lat' dir='ltr'>etiam</span> <span class='ocrx_word' id='word_1_240' title='bbox 999 3344 1067 3405; x_wconf 85' lang='lat' dir='ltr'>Art.</span> <span class='ocrx_word' id='word_1_241' title='bbox 1086 3348 1161 3419; x_wconf 78' lang='lat' dir='ltr'>lot,</span> <span class='ocrx_word' id='word_1_242' title='bbox 1189 3343 1223 3405; x_wconf 83' lang='lat' dir='ltr'>S.</span> <span class='ocrx_word' id='word_1_243' title='bbox 1247 3342 1282 3406; x_wconf 83' lang='lat' dir='ltr'>C.</span> <span class='ocrx_word' id='word_1_244' title='bbox 1304 3343 1406 3408; x_wconf 86' lang='lat' dir='ltr'>habitu</span> 
     </span>
     <span class='ocr_line' id='line_1_29' title="bbox 229 3439 1406 3526; baseline 0.002 -24"><span class='ocrx_word' id='word_1_245' title='bbox 229 3447 317 3524; x_wconf 88' lang='lat' dir='ltr'>atque</span> <span class='ocrx_word' id='word_1_246' title='bbox 340 3440 440 3502; x_wconf 92' lang='lat' dir='ltr'>indole</span> <span class='ocrx_word' id='word_1_247' title='bbox 462 3446 564 3511; x_wconf 82' lang='lat' dir='ltr'>earet,</span> <span class='ocrx_word' id='word_1_248' title='bbox 593 3439 642 3500; x_wconf 86' lang='lat' dir='ltr'>rel</span> <span class='ocrx_word' id='word_1_249' title='bbox 665 3440 702 3499; x_wconf 91' lang='lat' dir='ltr'>ob</span> <span class='ocrx_word' id='word_1_250' title='bbox 722 3439 934 3520; x_wconf 73' lang='lat' dir='ltr'>suppeteretur.</span> <span class='ocrx_word' id='word_1_251' title='bbox 976 3441 1116 3503; x_wconf 83' lang='lat' dir='ltr'>Attamen</span> <span class='ocrx_word' id='word_1_252' title='bbox 1139 3446 1186 3504; x_wconf 87' lang='lat' dir='ltr'>est</span> <span class='ocrx_word' id='word_1_253' title='bbox 1206 3445 1337 3505; x_wconf 85' lang='lat' dir='ltr'>sortasse</span> <span class='ocrx_word' id='word_1_254' title='bbox 1358 3447 1406 3526; x_wconf 93' lang='lat' dir='ltr'>qui</span> 
     </span>
     <span class='ocr_line' id='line_1_30' title="bbox 230 3536 1404 3620; baseline 0.003 -19"><span class='ocrx_word' id='word_1_255' title='bbox 230 3546 359 3618; x_wconf 86' lang='lat' dir='ltr'>statuat,</span> <span class='ocrx_word' id='word_1_256' title='bbox 381 3541 550 3601; x_wconf 79' lang='lat' dir='ltr'>Frontinum</span> <span class='ocrx_word' id='word_1_257' title='bbox 574 3540 603 3598; x_wconf 93' lang='lat' dir='ltr'>in</span> <span class='ocrx_word' id='word_1_258' title='bbox 620 3538 656 3598; x_wconf 89' lang='lat' dir='ltr'>S.</span> <span class='ocrx_word' id='word_1_259' title='bbox 670 3538 707 3601; x_wconf 88' lang='lat' dir='ltr'>C.</span> <span class='ocrx_word' id='word_1_260' title='bbox 725 3539 885 3599; x_wconf 80' lang='lat' dir='ltr'>referendo</span> <span class='ocrx_word' id='word_1_261' title='bbox 903 3541 1094 3618; x_wconf 84' lang='lat' dir='ltr'>perrexisse,</span> <span class='ocrx_word' id='word_1_262' title='bbox 1117 3536 1289 3620; x_wconf 87' lang='lat' dir='ltr'>explicandi</span> <span class='ocrx_word' id='word_1_263' title='bbox 1308 3548 1404 3605; x_wconf 88' lang='lat' dir='ltr'>autem</span> 
     </span>
     <span class='ocr_line' id='line_1_31' title="bbox 229 3639 1405 3718; baseline 0.003 -18"><span class='ocrx_word' id='word_1_264' title='bbox 229 3642 326 3718; x_wconf 81' lang='lat' dir='ltr'>gratia</span> <span class='ocrx_word' id='word_1_265' title='bbox 348 3639 574 3701; x_wconf 88' lang='lat' dir='ltr'>sentententiam</span> <span class='ocrx_word' id='word_1_266' title='bbox 597 3641 882 3701; x_wconf 82' lang='lat' dir='ltr'>eurr-ministerio</span> <span class='ocrx_word' id='word_1_267' title='bbox 906 3640 942 3699; x_wconf 87' lang='lat' dir='ltr'>de</span> <span class='ocrx_word' id='word_1_268' title='bbox 965 3658 1019 3699; x_wconf 91' lang='lat' dir='ltr'>suo</span> <span class='ocrx_word' id='word_1_269' title='bbox 1042 3642 1215 3702; x_wconf 82' lang='lat' dir='ltr'>inseruisse.</span> <span class='ocrx_word' id='word_1_270' title='bbox 1263 3640 1335 3706; x_wconf 78' lang='lat' dir='ltr'>Soli.</span> <span class='ocrx_word' id='word_1_271' title='bbox 1357 3642 1405 3704; x_wconf 90' lang='lat' dir='ltr'>le-</span> 
     </span>
     <span class='ocr_line' id='line_1_32' title="bbox 228 3737 1406 3822; baseline 0.002 -21"><span class='ocrx_word' id='word_1_272' title='bbox 228 3742 293 3816; x_wconf 76' lang='lat' dir='ltr'>git:</span> <span class='ocrx_word' id='word_1_273' title='bbox 316 3759 381 3799; x_wconf 87' lang='lat' dir='ltr'>eum</span> <span class='ocrx_word' id='word_1_274' title='bbox 402 3741 518 3799; x_wconf 80' lang='lat' dir='ltr'>niumm</span> <span class='ocrx_word' id='word_1_275' title='bbox 534 3737 715 3813; x_wconf 77' lang='lat' dir='ltr'>Curatores,</span> <span class='ocrx_word' id='word_1_276' title='bbox 736 3741 787 3819; x_wconf 82' lang='lat' dir='ltr'>qui</span> <span class='ocrx_word' id='word_1_277' title='bbox 800 3737 951 3816; x_wconf 80' lang='lat' dir='ltr'>frumento</span> <span class='ocrx_word' id='word_1_278' title='bbox 969 3757 1087 3821; x_wconf 84' lang='lat' dir='ltr'>quoque</span> <span class='ocrx_word' id='word_1_279' title='bbox 1098 3749 1293 3820; x_wconf 82' lang='lat' dir='ltr'>praeessent,</span> <span class='ocrx_word' id='word_1_280' title='bbox 1313 3752 1406 3822; x_wconf 83' lang='lat' dir='ltr'>parte</span> 
     </span>
     <span class='ocr_line' id='line_1_33' title="bbox 229 3837 1403 3921; baseline 0.001 -21"><span class='ocrx_word' id='word_1_281' title='bbox 229 3859 258 3921; x_wconf 81' lang='lat' dir='ltr'>q.</span> <span class='ocrx_word' id='word_1_282' title='bbox 274 3859 305 3900; x_wconf 87' lang='lat' dir='ltr'>u.</span> <span class='ocrx_word' id='word_1_283' title='bbox 320 3858 354 3920; x_wconf 87' lang='lat' dir='ltr'>p.</span> <span class='ocrx_word' id='word_1_284' title='bbox 373 3838 571 3917; x_wconf 70' lang='lat' dir='ltr'>[temperentur</span> <span class='ocrx_word' id='word_1_285' title='bbox 591 3857 645 3910; x_wconf 85' lang='lat' dir='ltr'>m,</span> <span class='ocrx_word' id='word_1_286' title='bbox 667 3844 701 3897; x_wconf 89' lang='lat' dir='ltr'>ut</span> <span class='ocrx_word' id='word_1_287' title='bbox 720 3837 755 3898; x_wconf 90' lang='lat' dir='ltr'>C.</span> <span class='ocrx_word' id='word_1_288' title='bbox 777 3856 826 3917; x_wconf 83' lang='lat' dir='ltr'>aq.</span> <span class='ocrx_word' id='word_1_289' title='bbox 846 3846 995 3898; x_wconf 84' lang='lat' dir='ltr'>vacarent</span> <span class='ocrx_word' id='word_1_290' title='bbox 1012 3858 1060 3919; x_wconf 84' lang='lat' dir='ltr'>pr.</span> <span class='ocrx_word' id='word_1_291' title='bbox 1074 3837 1159 3918; x_wconf 80' lang='lat' dir='ltr'>publ.</span> <span class='ocrx_word' id='word_1_292' title='bbox 1182 3839 1312 3900; x_wconf 90' lang='lat' dir='ltr'>Senatus</span> <span class='ocrx_word' id='word_1_293' title='bbox 1329 3859 1403 3902; x_wconf 88' lang='lat' dir='ltr'>eon-</span> 
     </span>
     <span class='ocr_line' id='line_1_34' title="bbox 228 3933 1402 4024; baseline 0.001 -26"><span class='ocrx_word' id='word_1_294' title='bbox 228 3936 308 3999; x_wconf 87' lang='lat' dir='ltr'>sulto</span> <span class='ocrx_word' id='word_1_295' title='bbox 331 3937 427 3997; x_wconf 90' lang='lat' dir='ltr'>omnia</span> <span class='ocrx_word' id='word_1_296' title='bbox 450 3936 586 3996; x_wconf 86' lang='lat' dir='ltr'>reddens.</span> <span class='ocrx_word' id='word_1_297' title='bbox 620 3934 668 3996; x_wconf 80' lang='lat' dir='ltr'>ct.</span> <span class='ocrx_word' id='word_1_298' title='bbox 690 3933 764 3997; x_wconf 80' lang='lat' dir='ltr'>Seli.</span> <span class='ocrx_word' id='word_1_299' title='bbox 787 3934 842 3996; x_wconf 90' lang='lat' dir='ltr'>Vl.</span> <span class='ocrx_word' id='word_1_300' title='bbox 865 3938 905 3996; x_wconf 84' lang='grc'>28</span> <span class='ocrx_word' id='word_1_301' title='bbox 927 3940 958 3996; x_wconf 87' lang='lat' dir='ltr'>et</span> <span class='ocrx_word' id='word_1_302' title='bbox 978 3940 1028 3997; x_wconf 78' lang='lat'>29.</span> <span class='ocrx_word' id='word_1_303' title='bbox 1062 3937 1149 4024; x_wconf 77' lang='lat' dir='ltr'>Quod</span> <span class='ocrx_word' id='word_1_304' title='bbox 1172 3955 1230 3997; x_wconf 92' lang='lat' dir='ltr'>non</span> <span class='ocrx_word' id='word_1_305' title='bbox 1253 3937 1402 4015; x_wconf 87' lang='lat' dir='ltr'>intelligo.</span> 
     </span>
     <span class='ocr_line' id='line_1_35' title="bbox 226 4033 1401 4121; baseline 0.002 -25"><span class='ocrx_word' id='word_1_306' title='bbox 226 4035 392 4096; x_wconf 83' lang='lat' dir='ltr'>Audiamus</span> <span class='ocrx_word' id='word_1_307' title='bbox 415 4034 520 4095; x_wconf 87' lang='lat' dir='ltr'>libros.</span> <span class='ocrx_word' id='word_1_308' title='bbox 566 4034 591 4098; x_wconf 81' lang='lat'>0</span> <span class='ocrx_word' id='word_1_309' title='bbox 609 4033 654 4095; x_wconf 87' lang='lat' dir='ltr'>U:</span> <span class='ocrx_word' id='word_1_310' title='bbox 677 4054 741 4098; x_wconf 84' lang='lat' dir='ltr'>eum</span> <span class='ocrx_word' id='word_1_311' title='bbox 756 4038 873 4096; x_wconf 80' lang='lat' dir='ltr'>viarum</span> <span class='ocrx_word' id='word_1_312' title='bbox 889 4035 1111 4118; x_wconf 82' lang='lat' dir='ltr'>Curatoresque</span> <span class='ocrx_word' id='word_1_313' title='bbox 1129 4037 1330 4121; x_wconf 68' lang='lat' dir='ltr'>[tumentique</span> <span class='ocrx_word' id='word_1_314' title='bbox 1344 4073 1401 4098; x_wconf 86' lang='lat'>—-.</span> 
     </span>
     <span class='ocr_line' id='line_1_36' title="bbox 224 4134 1403 4216; baseline 0 -19"><span class='ocrx_word' id='word_1_315' title='bbox 224 4136 273 4197; x_wconf 77' lang='lat' dir='ltr'>V&#39;:</span> <span class='ocrx_word' id='word_1_316' title='bbox 296 4153 362 4194; x_wconf 86' lang='lat' dir='ltr'>eum</span> <span class='ocrx_word' id='word_1_317' title='bbox 377 4153 408 4194; x_wconf 87' lang='lat' dir='ltr'>o.</span> <span class='ocrx_word' id='word_1_318' title='bbox 421 4134 643 4216; x_wconf 72' lang='lat' dir='ltr'>curatoresque</span> <span class='ocrx_word' id='word_1_319' title='bbox 656 4134 799 4212; x_wconf 82' lang='lat' dir='ltr'>frumenti</span> <span class='ocrx_word' id='word_1_320' title='bbox 815 4138 866 4215; x_wconf 83' lang='lat' dir='ltr'>qui</span> <span class='ocrx_word' id='word_1_321' title='bbox 880 4166 936 4194; x_wconf 81' lang='lat'>·—.</span> <span class='ocrx_word' id='word_1_322' title='bbox 978 4136 1018 4196; x_wconf 88' lang='lat' dir='ltr'>F:</span> <span class='ocrx_word' id='word_1_323' title='bbox 1042 4155 1106 4196; x_wconf 85' lang='lat' dir='ltr'>eam</span> <span class='ocrx_word' id='word_1_324' title='bbox 1123 4139 1241 4197; x_wconf 85' lang='lat' dir='ltr'>uiarum</span> <span class='ocrx_word' id='word_1_325' title='bbox 1259 4137 1403 4216; x_wconf 82' lang='lat' dir='ltr'>frumenti</span> 
     </span>
     <span class='ocr_line' id='line_1_37' title="bbox 223 4233 1401 4318; baseline 0.001 -22"><span class='ocrx_word' id='word_1_326' title='bbox 223 4235 447 4314; x_wconf 85' lang='lat' dir='ltr'>Curatoresque</span> <span class='ocrx_word' id='word_1_327' title='bbox 462 4236 513 4315; x_wconf 86' lang='lat' dir='ltr'>qui</span> <span class='ocrx_word' id='word_1_328' title='bbox 522 4267 578 4293; x_wconf 89' lang='lat'>—.</span> <span class='ocrx_word' id='word_1_329' title='bbox 600 4234 619 4295; x_wconf 91' lang='lat' dir='ltr'>J</span> <span class='ocrx_word' id='word_1_330' title='bbox 635 4238 667 4294; x_wconf 85' lang='lat' dir='ltr'>et</span> <span class='ocrx_word' id='word_1_331' title='bbox 677 4249 746 4294; x_wconf 86' lang='lat' dir='ltr'>ree:</span> <span class='ocrx_word' id='word_1_332' title='bbox 764 4251 831 4294; x_wconf 89' lang='lat' dir='ltr'>eum</span> <span class='ocrx_word' id='word_1_333' title='bbox 846 4252 875 4293; x_wconf 84' lang='lat' dir='ltr'>u.</span> <span class='ocrx_word' id='word_1_334' title='bbox 885 4233 1086 4316; x_wconf 78' lang='lat' dir='ltr'>frumentique</span> <span class='ocrx_word' id='word_1_335' title='bbox 1098 4233 1263 4296; x_wconf 81' lang='lat' dir='ltr'>Curatores</span> <span class='ocrx_word' id='word_1_336' title='bbox 1280 4241 1332 4318; x_wconf 85' lang='lat' dir='ltr'>qui</span> <span class='ocrx_word' id='word_1_337' title='bbox 1346 4268 1401 4297; x_wconf 83' lang='lat'>-.</span> 
     </span>
     <span class='ocr_line' id='line_1_38' title="bbox 223 4330 1400 4413; baseline -0.001 -18"><span class='ocrx_word' id='word_1_338' title='bbox 223 4333 335 4395; x_wconf 81' lang='lat' dir='ltr'>Omnes</span> <span class='ocrx_word' id='word_1_339' title='bbox 357 4331 501 4412; x_wconf 84' lang='lat' dir='ltr'>denique:</span> <span class='ocrx_word' id='word_1_340' title='bbox 519 4331 722 4413; x_wconf 69' lang='lat' dir='ltr'>suppeteretur</span> <span class='ocrx_word' id='word_1_341' title='bbox 737 4364 777 4376; x_wconf 90' lang='lat'><em>-</em></span> <span class='ocrx_word' id='word_1_342' title='bbox 792 4341 911 4393; x_wconf 79' lang='lat' dir='ltr'>vocent.</span> <span class='ocrx_word' id='word_1_343' title='bbox 955 4330 1041 4393; x_wconf 89' lang='lat' dir='ltr'>Unde</span> <span class='ocrx_word' id='word_1_344' title='bbox 1063 4351 1117 4393; x_wconf 93' lang='lat' dir='ltr'>nos</span> <span class='ocrx_word' id='word_1_345' title='bbox 1138 4350 1240 4394; x_wconf 83' lang='lat' dir='ltr'>reram</span> <span class='ocrx_word' id='word_1_346' title='bbox 1261 4335 1400 4396; x_wconf 81' lang='lat' dir='ltr'>Frontino</span> 
     </span>
     <span class='ocr_line' id='line_1_39' title="bbox 223 4430 1400 4511; baseline 0 -19"><span class='ocrx_word' id='word_1_347' title='bbox 223 4430 401 4492; x_wconf 89' lang='lat' dir='ltr'>sententiam</span> <span class='ocrx_word' id='word_1_348' title='bbox 424 4432 594 4492; x_wconf 85' lang='lat' dir='ltr'>restituisse</span> <span class='ocrx_word' id='word_1_349' title='bbox 614 4436 761 4511; x_wconf 89' lang='lat' dir='ltr'>putamus.</span> <span class='ocrx_word' id='word_1_350' title='bbox 797 4430 939 4495; x_wconf 70' lang='lat' dir='ltr'>Nimirum</span> <span class='ocrx_word' id='word_1_351' title='bbox 962 4432 1090 4493; x_wconf 85' lang='lat' dir='ltr'>dirersis</span> <span class='ocrx_word' id='word_1_352' title='bbox 1111 4430 1269 4493; x_wconf 82' lang='lat' dir='ltr'>vocabulis</span> <span class='ocrx_word' id='word_1_353' title='bbox 1290 4431 1400 4497; x_wconf 84' lang='lat' dir='ltr'>librarii</span> 
     </span>
     <span class='ocr_line' id='line_1_40' title="bbox 218 4530 1400 4612; baseline 0 -20"><span class='ocrx_word' id='word_1_354' title='bbox 218 4550 272 4610; x_wconf 91' lang='lat' dir='ltr'>pro</span> <span class='ocrx_word' id='word_1_355' title='bbox 296 4546 352 4590; x_wconf 91' lang='lat' dir='ltr'>suo</span> <span class='ocrx_word' id='word_1_356' title='bbox 375 4530 501 4611; x_wconf 88' lang='lat' dir='ltr'>quisque</span> <span class='ocrx_word' id='word_1_357' title='bbox 522 4535 611 4609; x_wconf 85' lang='lat' dir='ltr'>captu</span> <span class='ocrx_word' id='word_1_358' title='bbox 633 4531 838 4591; x_wconf 85' lang='lat' dir='ltr'>adnexuerunt</span> <span class='ocrx_word' id='word_1_359' title='bbox 860 4549 917 4612; x_wconf 86' lang='lat' dir='ltr'>que</span> <span class='ocrx_word' id='word_1_360' title='bbox 938 4531 1117 4612; x_wconf 83' lang='lat' dir='ltr'>singulaque</span> <span class='ocrx_word' id='word_1_361' title='bbox 1140 4537 1400 4610; x_wconf 87' lang='lat' dir='ltr'>transposuerunt:</span> 
     </span>
    </p>
   </div>
   <div class='ocr_carea' id='block_1_9' title="bbox 0 0 1494 4988">
    <p class='ocr_par' dir='ltr' id='par_1_9' title="bbox 0 0 1494 4988">
     <span class='ocr_line' id='line_1_41' title="bbox 0 0 1494 4988; baseline 0 4"><span class='ocrx_word' id='word_1_362' title='bbox 0 0 1494 4988; x_wconf 95' lang='lat' dir='ltr'> </span> 
     </span>
    </p>
   </div>
  </div>
 </body>
</html>
