2978 4988
102 302 250 386 ruma
670 237 1025 384 orasannmo.⁴

99 540 260 639 sipientis
284 539 457 638 indicem,
494 549 529 615 et
562 556 605 613 eo
628 539 664 615 in
690 560 825 640 genere
849 535 998 638 provide
1023 548 1060 615 et
1080 545 1187 614 cauta
1211 534 1392 637 agendum

101 696 188 749 esse
215 667 428 747 existimem.
698 712 713 717 ·’
757 702 758 706 ’
1354 749 1355 752 ,

198 803 405 883 Schultzius
433 804 533 879 initio
570 803 650 901 ipse
676 803 836 912 Frontiui
866 802 993 879 librum
1019 807 1099 877 suis
1137 800 1231 878 notis
1256 803 1392 878 criticis

98 932 269 1011 subiectis
294 947 370 1012 erat
394 937 428 1010 in
454 935 574 1010 lucem
599 935 768 1010 editurus.
817 934 861 1011 ln
884 935 1046 1011 mandros
1070 936 1161 1010 meis
1187 948 1245 1010 est
1269 947 1393 1012 textus

98 1078 325 1168 repurgatus,
369 1092 474 1166 quem
508 1068 618 1142 altero
652 1091 793 1165 quoque
826 1067 909 1143 lolio
934 1055 1160 1144 versiolibri
1186 1073 1395 1166 germanica

98 1200 303 1295 comitatur;
344 1201 428 1275 item
452 1210 558 1275 notae
584 1201 739 1297 criticae,
773 1199 843 1275 sed
865 1198 1053 1298 usquead
1076 1198 1159 1275 Art
1185 1199 1235 1276 94
1249 1210 1393 1277 mutum

97 1344 254 1429 paratae.
304 1332 451 1407 Postea
470 1332 655 1406 consilium
679 1332 850 1407 mutavit:
888 1342 991 1408 notas
1025 1332 1175 1421 'criticas
1199 1332 1392 1407 maximam

98 1475 234 1562 partem
251 1520 254 1524 -
272 1465 307 1539 in
344 1463 630 1542 Commentarios
667 1464 853 1560 transtulit,
899 1473 1004 1561 atque
1041 1462 1088 1539 ad
1123 1463 1249 1540 horum
1275 1463 1393 1540 -linem

99 1596 192 1695 (sub
219 1620 271 1669 nr.
296 1595 381 1691 lvi
420 1602 542 1670 varias
574 1596 748 1672 lectiones
783 1621 995 1695 componere
1020 1597 1258 1671 constituerat
1312 1595 1393 1676 sel

103 1727 141 1803 id
166 1750 306 1826 quoque
326 1749 395 1803 uon
412 1728 545 1804 ellecit:
572 1729 676 1803 immo
695 1729 785 1804 inira
805 1729 1000 1826 audiemus,
1028 1753 1109 1808 euru
1130 1729 1245 1826 ipsius
1267 1729 1390 1806 Fron·

103 1860 166 1936 tini
192 1840 381 1936 editionem
414 1861 519 1960 plane
544 1862 716 1937 omissum
738 1862 855 1937 amico
879 1885 947 1940 suo
972 1858 1176 1936 Heinrichio
1202 1859 1390 1958 obtulisse,

102 1993 290 2093 ipsumque
323 1993 436 2068 luisse
463 1990 748 2072 Commentarios
781 2003 914 2069 tantum
945 1992 1128 2067 editurum.
1177 1993 1284 2068 Licet
1307 1993 1391 2091 plu-

80 2123 201 2220 rima,
242 2126 399 2221 quacun
432 2126 524 2201 uotis
550 2127 682 2200 criticis
708 2125 884 2226 leguntur,
925 2125 1029 2199 etiam
1053 2125 1087 2198 in
1114 2121 1391 2202 Commentariis

104 2253 418 2353 deprehendantur,
466 2268 605 2355 gratum
630 2269 747 2333 umen
771 2281 827 2333 me
853 2256 972 2332 lacere
996 2257 1084 2330 viris
1111 2255 1226 2332 doctis
1259 2258 1390 2333 existi-

103 2389 253 2484 mabam,
281 2389 372 2462 siin
398 2395 520 2464 causis
541 2390 766 2490 gravicmbus
787 2387 964 2467 Schultaii
987 2389 1098 2464 verba
1125 2413 1173 2462 ex
1197 2391 1290 2463 notis
1318 2390 1390 2466 cri-

103 2518 196 2616 ticis,
213 2518 315 2618 quae
341 2520 433 2597 haud
457 2547 570 2621 pauca
596 2524 790 2622 singularia
815 2532 850 2596 et
874 2527 910 2596 in
928 2518 1201 2599 Commentariis
1226 2522 1391 2620 neglecta

105 2654 314 2750 contineant,
362 2666 569 2754 repeterem.
631 2656 768 2731 Versio
818 2653 969 2751 denique
1020 2655 1232 2752 germanica,
1261 2676 1388 2749 uuam

45 2828 49 2835 ·
101 2778 489 2883 Schultaiu's‘reliquit,
533 2812 691 2887 congrua
717 2797 774 2862 est
797 2787 919 2880 textui,
946 2785 1102 2883 liberius,
1137 2786 1317 2882 audacius,
1354 2799 1391 2861 et

104 2938 175 2992 non
211 2918 571 3015 ubique>²sectmdum
608 2922 736 2995 latinae
769 2920 911 3017 linguae
944 2929 986 2992 et
1009 2921 1257 3017 grammatices
1283 2919 1388 3019 leges

104 3049 305 3126 constitutor
350 3051 408 3133 'Ut
439 3061 555 3128 tamen
580 3051 635 3127 hic
659 3052 931 3152 praetermittam
955 3061 993 3125 et
1016 3052 1100 3126 vitia
1125 3064 1161 3125 et
1185 3052 1388 3128 obscurita-

104 3195 173 3281 tea,
192 3205 356 3282 ¹quorum
380 3184 597 3262 multitidine
622 3201 659 3262 et
682 3183 920 3282 magnitudine
945 3184 1041 3284 typis
1067 3208 1111 3259 ea
1134 3183 1292 3260 mandari
1317 3211 1385 3262 non

104 3308 238 3414 potuit:-
268 3317 430 3414 insignis.
446 3342 489 3392 ea
516 3329 572 3394 est
596 3320 702 3394 etiam
726 3316 845 3393 multis
870 3317 1077 3391 virtutibus:
1115 3326 1151 3391 et
1174 3318 1282 3390 verba
1312 3319 1388 3392 tor-

104 3448 290 3546 mulacque
310 3448 486 3547 vloquendi
518 3457 707 3550 graviores
738 3447 1059 3548 plerumque-laena
1085 3458 1121 3522 et
1146 3451 1274 3546 optime
1300 3450 1386 3523 red-

103 3576 187 3677 dita,
214 3580 383 3678 imprimis
408 3585 642 3682 proprietates
667 3581 804 3656 dicendi
835 3579 880 3655 ad
905 3603 979 3653 rem
1003 3581 1180 3676 aquariam
1206 3579 1386 3675 pertinen-

98 3721 162 3786 tes
185 3735 290 3787 nove·
304 3714 442 3812 quidem
468 3742 514 3792 ex
538 3727 649 3815 parte,
689 3712 756 3790 sed
777 3724 904 3786 tamen
930 3710 1078 3809 egregie
1102 3712 1291 3786 vernacula
1316 3714 1385 3789 lin·

98 3866 178 3942 ¹gua
202 3858 285 3919 sunt
309 3847 470 3948 donatae,
509 3850 722 3924 constitutae
760 3855 796 3920 et
831 3867 895 3941 per
933 3851 1043 3916 totum
1068 3867 1159 3940 opus
1186 3857 1387 3923 constanter

103 3975 328 4073 observatae,
367 3995 405 4056 ut
431 4007 539 4057 ‘meae
563 3980 721 4056 versioni
745 3974 924 4048 vindicare
948 3975 1133 4049 maximam
1158 3992 1302 4075 partem·
1315 4006 1386 4056 noo

97 4108 344 4188 dubitaverim.
1042 4114 1044 4119 ’

198 4244 269 4318 His
306 4247 492 4343 praesidiis
531 4248 723 4321 instructus
760 4261 865 4336 quum
897 4239 1018 4316 labore
1055 4267 1166 4341 prope
1185 4243 1384 4319 *defunctus

95 4366 233 4471 essem,
273 4378 473 4456 Welckero
507 4373 756 4465 intercedente,
798 4397 819 4444 a
857 4371 1000 4450 Catulo
1021 4375 1227 4452 Heinrichio
1267 4379 1382 4476 (med.

45 4579 47 4583 ,
98 4507 229 4606 Μ),
257 4509 405 4592 ‘Caroli
435 4508 608 4588 Friderici
640 4505 843 4604 Heinrichii,
897 4508 1123 4586 illustrissimi
1140 4511 1249 4585 illius
1284 4508 1384 4587 Prot.
