2978 4988
138 322 199 402 vl
617 318 940 399 PRAEFATIO.

139 557 174 629 in
199 563 339 652 tempus
366 551 500 649 dilatis,
535 555 613 651 spei
648 554 773 653 plenus
807 553 940 629 ardenti
973 555 1086 627 animo
1112 554 1262 629 oblatam
1288 579 1420 652 oppor-

140 687 319 761 tunitatem
344 686 527 784 amplexus
554 687 693 784 plenum
720 688 941 786 periculosae
974 687 1074 760 aleae
1109 712 1198 785 opus
1237 688 1422 785 suscipere

140 818 294 917 decrevi,
323 818 395 895 Dei
420 819 562 917 benigni
586 821 703 916 magis
729 821 857 893 auxilio
885 844 987 915 quam
1012 820 1101 892 meis
1127 820 1255 917 ingenii
1283 819 1422 894 dotibus

139 950 309 1027 confisus.
367 951 417 1027 m
452 976 537 1025 ecce
570 975 748 1050 suspenso
782 951 1027 1048 fluctuantique
1066 954 1178 1025 animo
1219 963 1423 1049 exspectata

139 1083 316 1184 praesidia
342 1085 556 1181 accipiebam
580 1083 686 1157 haec:
723 1084 940 1158 collationem
975 1108 1063 1158 mss.
1098 1082 1257 1158 codicum
1289 1085 1423 1159 Montis

140 1214 395 1311 Cassinensis,
424 1216 820 1294 Vaticano-Urbinatis
847 1227 881 1290 et
905 1217 1090 1309 Vaticani3
1129 1218 1211 1290 item
1229 1216 1423 1290 'editionum

140 1350 552 1423 Venetae-Florentinae
578 1374 633 1422 an.
659 1347 774 1434 mom
810 1358 844 1423 et
869 1350 1036 1424 Juntinae
1073 1373 1140 1422 seu
1165 1349 1319 1423 Jocundi
1348 1351 1423 1446 pri-

140 1504 220 1557 mae
253 1482 409 1555 Florent.
446 1506 500 1554 an.
535 1479 645 1556 1513.
695 1481 929 1580 Accipiebam
962 1482 1066 1555 etiam
1097 1482 1175 1555 libri
1209 1482 1425 1554 Frontiniani

140 1594 385 1691 recensionem
411 1624 454 1687 et⁴
470 1615 669 1687 versionem
696 1614 943 1712 germanicam,
970 1626 1151 1711 utramque
1186 1639 1206 1685 a
1239 1612 1424 1690 Schultzio

140 1756 310 1846 paratam,
339 1744 497 1820 eiusdem
522 1756 624 1820 notas
652 1748 791 1820 criticas
818 1757 862 1844 et,
891 1745 984 1843 quod
1008 1747 1196 1819 maximum
1209 1758 1274 1839 est,
1300 1747 1423 1844 copio-

142 1878 309 1953 sissimos
335 1879 369 1950 in
394 1879 599 1952 Frontinum
627 1880 906 1953 commentarios.
951 1878 1106 1953 Additae
1131 1889 1229 1952 erant
1254 1878 1424 1953 editiones

142 2010 302 2091 moneri
334 2011 574 2106 recentioreS,
615 2011 765 2109 Poleni,
804 2011 956 2106 Amen,
997 2011 1186 2085 Rondoleti
1219 2021 1254 2084 et
1288 2009 1423 2107 Orsini,

143 2142 375 2221 bibliothecae
402 2144 523 2241 regiae
550 2144 800 2221 Universitatis
815 2144 1027 2218 ‘Bonnensis
1054 2167 1187 2218 omnes.
1221 2143 1343 2239 Atque
1369 2142 1425 2216 lris

141 2272 331 2379 piaesidiis
352 2277 505 2350 munitus
526 2277 729 2372 uberrimiS,
757 2300 885 2375 magno
901 2278 1015 2351 animo
1032 2275 1226 2373 fiduciaque
1240 2273 1285 2347 ad
1296 2298 1426 2347 novam

114 2424 117 2435 '
144 2386 304 2486 llronlini
329 2408 515 2483 editionem
540 2432 742 2508 aggressus
769 2433 859 2483 sum.
919 2407 1077 2510 Codices
1110 2409 1169 2481 ubi
1203 2407 1318 2482 collati
1342 2409 1424 2502 sint,

136 2544 226 2641 'quis
251 2543 453 2636 contulerit,
496 2566 564 2639 qua
596 2543 655 2616 ria
688 2543 722 2616 in
750 2541 922 2619 Sclrultzii
947 2566 1073 2615 manus
1098 2542 1342 2638 pervenerint,
1383 2564 1425 2613 ea

137 2676 279 2751 'omnia’
294 2674 376 2749 mihi
405 2686 486 2748 sunt
510 2676 641 2772 ignota.
691 2673 877 2750 Editiones
898 2675 988 2773 ipse
1021 2672 1250 2771 SclrultziuS,
1291 2674 1421 2770 opinor,

147 2806 291 2883 eontulit
326 2809 516 2904 variasque
552 2808 722 2881 lectiones
762 2832 884 2881 omnes
922 2830 1001 2879 curn
1037 2803 1144 2879 multa
1182 2805 1358 2902 diligentia
1390 2804 1425 2876 in

146 2940 306 3041 margine
331 2940 491 3014 editionis
517 2940 730 3014 Polenianae
756 2966 802 3014 ex
828 2939 947 3014 ordine
974 2939 1170 3036 descripsit.
1186 2937 1425 3025 w-Jamom-

140 3070 242 3147 'nium
265 3073 413 3173 primum
439 3072 483 3145 de
510 3073 690 3181 codicibus
717 3083 751 3146 et
776 3071 984 3147 editionibus
1009 3070 1168 3146 Frontini
1191 3067 1275 3141 mihi
1299 3066 1425 3165 dispu-

145 3204 289 3281 tandum
314 3230 399 3280 esse
423 3216 517 3304 puto.
1346 3294 1350 3299 Ι

135 3356 139 3361 “
220 3336 388 3417 Omnium
414 3314 572 3413 codicmn
599 3363 688 3436 quos
709 3338 871 3414 novimus
890 3337 1150 3435 antiquissimus
1168 3346 1224 3408 est
1240 3334 1428 3413 CODEX

135 3464 234 3551 MS.
271 3469 478 3550 momuls
517 3469 903 3568 CASSINENSIS,
949 3469 1261 3566 membranaceus,
1315 3470 1427 3544 lormu

147 3612 290 3703 quarta,
325 3606 487 3702 signatus
520 3606 602 3681 bibl.
635 3630 710 3680 nro.
736 3601 821 3677 361.
873 3600 991 3694 Quem
1024 3624 1069 3673 ex
1099 3600 1288 3674 litterarum
1316 3601 1427 3675 forma

138 3732 379 3835 'ductibusque
414 3742 502 3812 satis
542 3762 712 3838 apparere
735 3736 794 3811 vel
820 3735 886 3809 sub
913 3734 1017 3806 finem
1043 3734 1176 3807 saeculi
1203 3733 1328 3809 decimi
1351 3744 1426 3808 ter-

145 3868 197 3968 tii,
221 3870 280 3945 vel
306 3872 373 3947 sub
399 3872 530 3947 initium
557 3870 682 3947 decimi
707 3868 820 3967 quarti
845 3868 1011 3964 scriptum
1039 3866 1150 3939 luisse
1176 3864 1324 3940 affirmat
1347 3866 1425 3941 Po-
1462 3838 1467 3847 Ι

139 3984 247 4079 'lenus
280 4004 425 4105 Proleg.
463 4032 498 4104 p.
530 4002 600 4102 20,
640 4004 697 4078 cui
730 4000 920 4076 assentitur
952 3998 1160 4076 Sclrultzius
1194 4010 1229 4075 et
1262 4022 1332 4099 ego
1355 4022 1427 4075 uon

144 4134 327 4212 adversor.
378 4136 483 4212 Hunc
509 4136 678 4231 codicem,
706 4137 740 4209 in
765 4132 973 4210 bibliotheca
998 4135 1199 4208 monasterii
1226 4130 1428 4211 cassinen·

145 4264 199 4343 sis
216 4268 379 4367 abditum,
394 4273 527 4369 primus
542 4270 672 4368 reperit
691 4267 859 4365 Poggius
880 4267 1116 4364 FlorentinuS,
1137 4276 1177 4341 ut
1188 4266 1267 4363 ipse
1278 4276 1428 4343 testatur

145 4400 182 4477 in
205 4402 315 4501 libro,
343 4427 447 4500 quem
470 4402 667 4501 inscripsit:
707 4400 775 4477 De
803 4400 1014 4475 fortunae
1039 4400 1272 4475 varietate
1295 4400 1425 4476 urbis

149 4534 321 4611 Romae
346 4546 390 4611 et
413 4534 465 4611 de
492 4536 620 4611 ruina
647 4534 849 4611 eiusdem
874 4532 1144 4631 descriptio.
1190 4531 1426 4633 Ipsepn'mus

206 4768 214 4809 r
255 4798 299 4851 r'·
417 4814 422 4819 ,
