2978 4988
480 346 924 427 ANNO'EA'EIONES.
1270 344 1346 423 155

66 580 141 638 oller
170 584 255 653 „iilo
279 579 413 640 Selrritte
444 577 685 664 li‘elileinwarts)
714 583 925 649 linirerlrand“.
957 602 1012 646 nee
1040 584 1152 659 relat,
1184 601 1250 642 ann
1277 584 1346 661 lpse

65 693 148 754 liunus
178 701 207 754 le
236 698 272 756 ael
303 697 413 756 i'ontunr
443 698 590 778 leducat,-
618 718 674 761 nee
695 718 743 761 ne.
785 700 924 782 Denique
952 699 1101 761 nonnullis
1129 699 1204 760 loeis
1230 697 1347 759 additur

64 812 204 872 anullino
225 812 264 873 nl
286 813 404 889 llorna,·'
435 815 514 894 qaod
539 814 587 890 lit,
610 833 648 875 ne
670 816 825 876 adversam
848 816 1038 877 directionem
1061 813 1233 892 intelligas:
1257 816 1346 894 atque

42 914 114 986 *obi
138 926 189 986 illa
210 931 303 990 uerba
326 948 382 989 non
405 931 506 990 addila
527 934 614 1008 suat,
637 935 734 992 tannen
756 935 825 992 sunt
846 930 1061 1008 intelligenda:
1085 935 1116 992 ut
1138 932 1264 991 onrniunr
1286 928 1346 990 lno-

65 1061 126 1102 runr
149 1044 281 1104 locorum
305 1029 400 1105 lanies
423 1065 479 1105 urna
501 1049 541 1107 sit
564 1048 737 1128 eademque.

150 1161 419 1242 Torquatianorum
438 1171 468 1222 et
489 1204 656 1224 ......
658 1166 674 1233 )
718 1161 821 1238 Lege:
847 1162 1120 1245 Torquatianorum
1132 1172 1162 1222 et
1175 1159 1346 1244 Epaphro-

65 1273 252 1336 arrianorum.
276 1279 332 1335 nisi
352 1278 428 1337 lorti·
452 1277 575 1337 rrrauelis
595 1288 627 1362 ei
651 1279 907 1341 Terentianornm.
944 1280 1025 1341 Audi
1048 1278 1194 1337 Donatum
1218 1275 1270 1336 lin.
1290 1274 1345 1338 lll.

64 1390 102 1449 ‹le
124 1389 189 1449 urb.
224 1391 312 1452 llorn.
335 1412 365 1469 p.
389 1398 469 1453 454:
510 1394 755 1474 „Torquatianos
783 1400 814 1455 et
840 1395 1115 1474 Epaphroditianos
1143 1411 1160 1451 a
1188 1392 1345 1452 Frontino.

64 1505 251 1586 'l'orquitiani
281 1512 449 1568 statuuntur
483 1508 519 1568 ah
554 1508 710 1589 Onuplnio
746 1511 775 1570 in
807 1512 902 1588 pariare
935 1510 1077 1586 Regione
1104 1508 1214 1569 Portae
1243 1501 1346 1584 Cape-

64 1640 138 1698 nee,
171 1624 201 1683 in
232 1641 290 1704 qua
318 1629 349 1684 et
376 1624 576 1685 Terentianos
604 1624 741 1685 statuit.“
785 1621 969 1689 CORRAD.
1003 1623 1174 1707 Torquatus
1195 1621 1245 1682 hle
1267 1622 1347 1681 lnior

64 1732 197 1800 Manlios
223 1742 429 1820 quaerenlns3
467 1741 527 1800 nisi
555 1739 606 1800 ille
637 1745 685 1803 est
706 1759 723 1801 e
745 1741 927 1819 Naevelliis,
949 1741 1134 1816 Trieongins
1158 1739 1267 1814 dietus,
1287 1736 1346 1797 'll-

18 1832 22 1846 ¹
63 1830 148 1917 herio
172 1857 320 1934 principe.
350 1856 429 1917 Plin.
451 1856 492 1917 Η.
514 1857 552 1922 N.
574 1857 660 1919 XlV.
681 1860 734 1918 28.
776 1855 824 1918 De
842 1855 1049 1936 Epaphrodito
1072 1855 1204 1932 uliips.
1226 1849 1346 1913 arlTa-

64 1974 114 2034 eit
136 1971 219 2035 Aen.
240 1970 312 2033 XV.
326 1977 378 2034 55.
401 1972 539 2035 lllu'ituell.
558 1973 765 2034 deEnrendat.
787 1972 910 2053 'l'lreog.
925 1972 1049 2034 Heriorl.
1070 1990 1101 2049 p.
1112 1973 1187 2032 291.
1209 1964 1345 2029 irrina

64 2086 155 2165 Legit
171 2091 267 2148 tenen
281 2087 385 2147 Heinr.
399 2105 463 2146 oum
486 2087 560 2149 Seh.
582 2098 613 2150 el
634 2088 873 2150 Plautianornrn.
901 2087 1040 2149 Donatus
1062 2084 1217 2164 Onuplrrio
1240 2082 1347 2145 fnlsrnn

56 2203 264 2293 ⁸testinnonium
287 2200 433 2281 subiecit3
455 2221 519 2263 nem
541 2207 619 2282 apud
641 2204 721 2267 hune
742 2226 772 2286 p.
797 2210 855 2267 loo
877 2203 1072 2285 Torquatiani
1094 2201 1174 2262 horti
1196 2199 1345 2262 sunille-

63 2320 165 2397 gionls
188 2317 218 2379 V
239 2316 432 2399 Esquilinae,
455 2319 511 2379 sed
531 2318 705 2380 Terentiani
729 2325 777 2400 (p.
802 2323 876 2390 lii)
900 2320 1053 2397 Regionis
1075 2315 1089 2378 1
1111 2317 1221 2378 Portae
1242 2313 1345 2394 (lape-

62 2452 170 2516 penae.
214 2434 273 2521 Qui
295 2432 374 2495 horti
397 2454 462 2496 cunr
484 2435 546 2497 sint
566 2434 748 2498 diversarum
770 2434 954 2513 Regionum,
977 2433 1071 2495 altera
1091 2433 1265 2495 eonieeture
1279 2447 1346 2490 orn-

63 2555 132 2614 nino
156 2550 325 2630 spernenda
346 2554 405 2611 est.
431 2549 527 2612 Etiam
549 2549 796 2630 Epaphroditiani
819 2553 906 2613 nimis
928 2568 1037 2628 magno
1060 2545 1221 2610 interuallo
1235 2546 1345 2607 2an-

62 2658 211 2752 quatianis
234 2667 359 2727 dissitae
381 2667 475 2727 luisse
497 2667 649 2728 videntur.
678 2687 711 2728 v.
741 2670 809 2732 nn.
833 2673 872 2731 68
896 2671 927 2729 et
948 2665 1022 2731 Sola.
1043 2664 1069 2730 Ι.
1092 2669 1139 2728 18.
1182 2663 1267 2725 Libri
1287 2679 1345 2738 nos

62 2784 150 2862 plane
186 2784 339 2843 deserunt.
375 2780 548 2861 Onuplnius
583 2782 680 2846 hortis
716 2784 929 2867 Torquatianls
963 2783 1105 2845 finitimos
1131 2780 1205 2842 iacit
1238 2780 1345 2842 lorloe

63 2898 254 2972 Plautianos,
277 2899 360 2958 alias
382 2896 582 2977 Plancianoo,
605 2901 688 2962 aliae
710 2901 938 2963 Pallantianos.
964 2897 1059 2982 Atqui
1081 2917 1140 2959 noa
1163 2897 1253 2958 iidem
1274 2896 1346 2958 sunl

31 3062 34 3069 .
62 3015 209 3075 Plautiani
233 3016 264 3074 et
284 3013 474 3093 Pallantiani,
498 3019 529 3075 ut
551 3035 592 3076 ex
613 3017 863 3078 Pallantianornnr
884 3014 1038 3076 hortorum
1059 3017 1119 3076 siin
1140 3014 1210 3076 Art.
1232 3016 1282 3074 2⁰.
1306 3013 1346 3072 oo

61 3132 117 3202 (ei.
141 3128 214 3191 Soli.
237 3129 261 3192 1.
285 3134 339 3200 10)
362 3130 483 3212 liquet3
519 3134 608 3214 alque
635 3133 824 3211 Pallantiani,
852 3132 926 3193 lieet
953 3134 1014 3192 sint
1035 3133 1171 3192 eiusdem
1193 3127 1345 3206 nogionis

61 3245 249 3328 Esquilinae,
273 3248 451 3307 remotiores
474 3249 569 3308 tannen
593 3248 689 3309 fuisse
716 3249 869 3326 uidentur,
896 3266 981 3328 quam
1010 3248 1059 3330 qul
1086 3244 1147 3306 huo
1168 3243 1245 3306 tralri
1265 3261 1345 3322 pos-

60 3363 131 3423 sint
176 3361 209 3422 ln
231 3366 335 3423 nostra
355 3360 495 3439 Reginae
516 3382 534 3424 a
556 3363 681 3426 Victore
711 3367 742 3426 et
762 3364 843 3426 Ruso
866 3362 1049 3426 exhibentur
1078 3364 1160 3425 lorti
1186 3360 1345 3422 Plautiani

62 3477 259 3552 [Planciano]
282 3478 332 3538 vel
356 3477 515 3540 Plautiani
522 3484 642 3561 ratque
664 3478 739 3541 Sela.
761 3478 786 3541 l.
809 3487 837 3543 6.
864 3479 1007 3542 Frontino
1037 3480 1172 3541 restitnit
1197 3476 1345 3539 Plautia-

59 3613 178 3672 noran,
214 3598 300 3675 quein
328 3595 414 3676 sequi
445 3595 542 3656 visum
572 3603 630 3658 est.
680 3597 727 3658 De
758 3596 886 3657 Plautiis
907 3597 948 3657 ei.
970 3594 1107 3659 Kireher.
1129 3595 1196 3656 Lat.
1219 3593 1291 3657 vn
1311 3594 1344 3655 et

58 3708 138 3773 nov.
160 3728 191 3788 p.
216 3714 284 3774 160.

10 3813 12 3820 ’
140 3845 243 3887 ramas
263 3828 438 3907 Anqnelae)
481 3829 552 3911 quid
575 3830 632 3908 sit,
662 3833 847 3912 explieenrns
869 3832 907 3892 ari
928 3831 998 3894 arn
1024 3834 1072 3894 12.
1118 3828 1166 3890 An
1187 3826 1283 3890 verba
1303 3825 1344 3888 alr

57 3942 197 4023 Anqaeto
217 3947 254 4005 in
271 3945 418 4026 supplem.
450 3947 516 4006 eino
536 3944 663 4008 additae
684 3948 724 4012 of.
745 3948 815 4012 nrt.
839 3952 894 4009 12:
914 3948 1073 4028 Anqnetne
1094 3949 1126 4008 in
1146 3944 1342 4027 supplemen-
1432 3936 1436 3943 ’

57 4064 117 4119 lura
138 4057 288 4120 Marciae
307 4093 349 4104 -
368 4061 462 4122 aliam
484 4064 620 4142 (aquam)
642 4098 682 4107 —-
701 4063 849 4144 pertinuit
866 4098 908 4109 —-
928 4083 1008 4147 qnae
1033 4063 1074 4126 al
1098 4067 1256 4126 inventore
1280 4077 1342 4140 ap-

55 4174 191 4256 pellatur
211 4176 361 4256 Anqnsla.
405 4176 493 4263 Quod
515 4176 551 4239 ad
574 4178 728 4243 Gemelloe
748 4182 874 4257 attinet,
903 4182 934 4244 in
961 4183 1073 4243 eoloris
1101 4176 1237 4242 Frontini
1264 4172 1343 4235 loeis

58 4295 105 4363 (v.
127 4290 218 4369 paulo
240 4291 318 4352 infra
340 4295 371 4353 et
391 4291 460 4356 nrt.
482 4297 533 4355 65.
559 4294 677 4358 abibis
700 4301 874 4375 usurpatur)
904 4298 972 4359 libri
1003 4297 1108 4377 scripti
1138 4298 1169 4356 et
1190 4291 1263 4355 edili
1285 4306 1342 4352 vr·

56 4407 133 4466 riarrl
152 4407 231 4467 inter
252 4407 406 4471 Gennalloo
429 4413 459 4469 et
481 4410 645 4488 Gemellas,
667 4413 708 4474 ita
731 4417 826 4474 tannen
850 4418 882 4478 nt
904 4414 1032 4477 Gemelli
1053 4412 1193 4473 maiorem
1213 4406 1344 4469 habeut

56 4523 273 4584 auctoritatem.
316 4524 383 4586 Viri
407 4525 488 4587 (loeti
512 4530 610 4590 autern
631 4529 808 4608 intelligunt
829 4530 1003 4606 „Corneliae
1030 4527 1156 4610 aquae.“
1202 4521 1251 4586 Gi.
1276 4531 1342 4586 ter-
