2978 4988
139 338 217 419 aro
562 302 1003 418 ,annornnuonns

142 577 322 655 regionibus
344 573 438 636 dediti
461 573 557 634 inisse
579 574 731 637 videntur.
748 595 778 636 v.
800 574 943 655 Inscript.
966 573 1153 638 01912351
1180 579 1211 636 ct
1228 576 1352 637 ictorum
1376 576 1424 635 io-

141 708 196 755 cos
217 691 294 772 apud
315 691 453 751 Brisson.
476 689 506 749 in
529 685 665 750 Schardii
688 690 764 754 Lex.
785 691 849 752 Jur.
873 693 902 752 in
924 711 954 754 v.
974 691 1108 772 familia.

219 806 408 888 publicavit)
441 803 607 868 Publicore
635 824 694 867 non
723 824 842 888 semper
873 807 1023 884 significat
1043 805 1280 887 „confiscare,“
1302 810 1336 869 ut
1357 805 1423 868 Λή.

138 927 195 1001 ⁹³3
227 923 282 984 sed
305 922 393 983 eiiam
416 920 568 983 ultroneas
591 920 800 984 translationes
822 923 958 1003 privatae
983 923 1028 984 rei
1056 922 1085 984 iu
1114 923 1341 1003 possessionem
1362 924 1424 984 rei-

137 1035 286 1119 publicae.
308 1036 398 1100 Poe.
440 1036 522 1099 Idem
543 1035 612 1101 Art.
636 1044 704 1100 116.

754 1241 805 1303 99.

216 1396 371 1470 potestate
392 1393 483 1462 aeto)
510 1387 560 1448 iix
582 1387 714 1450 Senatus
743 1387 880 1450 consulto
903 1388 1059 1450 Duumviri
1081 1385 1215 1450 Anionis
1235 1389 1420 1468 perducendi

136 1509 277 1568 creantur
298 1506 367 1569 Λή.
389 1508 421 1566 6.
464 1504 495 1567 Λ
517 1503 629 1566 Senatu
651 1503 789 1565 Praetori
804 1503 938 1565 Marciae
959 1505 1171 1584 perducendae
1188 1507 1344 1584 negotium
1368 1508 1422 1566 da-

135 1626 185 1685 tur
205 1622 275 1685 Λή.
300 1623 328 1682 i.
373 1618 453 1682 Cura
475 1639 615 1700 operum,
646 1621 683 1682 ad
706 1639 845 1702 aquarum
869 1621 975 1682 ductus
996 1622 1220 1700 pertinentium,
1243 1625 1307 1683 erat
1328 1640 1422 1701 penes

135 1734 289 1800 Censores
311 1735 515 1818 Aedilesque.
557 1737 656 1798 Etiam
678 1737 787 1798 iactum
809 1738 868 1814 est,
891 1738 925 1798 ut
946 1738 976 1797 in
999 1735 1288 1798 senatusconsulto
1310 1740 1420 1799 orontio

135 1851 222 1915 fieret
243 1854 455 1940 Quaesturam,
477 1852 585 1935 quibus
609 1870 645 1913 ea
667 1869 737 1912 cura
758 1851 983 1914 demandaretur
1005 1848 1174 1933 (Artem.
1218 1852 1322 1930 Leges
1345 1873 1420 1935 quo-

134 1985 192 2051 que
213 1969 355 2046 siugulae
378 1968 415 2029 de
437 1968 521 2050 aquis
545 1968 630 2029 fuero
660 1963 746 2048 (Λή.
769 1972 819 2028 91.
842 1965 912 2047 ot).
954 1967 1053 2046 igitur
1081 1968 1195 2029 civitati
1217 1970 1336 2049 quidem
1358 1988 1420 2047 res,

136 2085 171 2146 ut
191 2085 312 2146 maximi
335 2085 438 2163 operis
461 2088 493 2145 et
516 2085 675 2162 commodi,
699 2102 787 2145 curae
809 2083 919 2146 iuerat.
963 2083 1025 2146 Sed
1048 2103 1143 2165 usque
1165 2083 1283 2145 adhoc
1305 2087 1421 2165 tempus

133 2199 358 2278 rnagtmatum,
388 2201 439 2283 qui
461 2217 550 2261 curae
572 2217 710 2281 aquarum
734 2203 826 2262 totum
849 2218 883 2261 se
905 2201 1031 2262 dederet
1053 2201 1196 2282 cuiusque
1217 2199 1277 2261 hoc
1298 2203 1419 2280 praeci-

132 2332 221 2395 puum
245 2317 422 2398 unicumque
445 2316 574 2377 oiiicium
592 2320 687 2394 esset,
711 2316 817 2378 civitas
834 2334 893 2378 non
912 2318 1128 2378 constituerat:
1146 2316 1196 2377 alii
1219 2317 1419 2396 magistratui,

132 2428 261 2494 Censori
281 2433 488 2511 potissimum,
511 2450 582 2494 cura
603 2428 779 2493 demandata
801 2436 874 2509 erat,
897 2433 946 2514 qui
968 2451 1004 2493 ea
1025 2431 1109 2493 velut
1131 2450 1250 2493 munere
1278 2437 1418 2495 extraor-

131 2546 243 2610 dinario
266 2547 495 2628 defungeretur,
517 2567 572 2612 sua
592 2549 690 2628 ipsius
709 2557 864 2630 potestate
885 2552 916 2609 et
937 2548 1059 2610 arbitrio
1082 2547 1132 2609 vel
1154 2551 1220 2628 ipse
1242 2548 1292 2610 vei
1310 2549 1418 2628 singu-

130 2661 227 2745 lorum
253 2663 402 2726 hominum
431 2665 623 2728 suffectorum
652 2665 794 2726 arbitratu
829 2664 913 2734 (Λή.
936 2670 975 2734 97
1005 2663 1072 2737 tin.)
1101 2683 1162 2725 rem
1195 2669 1319 2743 ageret,
1352 2665 1419 2748 quia

131 2780 204 2861 quid
225 2781 300 2841 iuris
322 2785 424 2861 esset,
447 2800 501 2842 seu
524 2781 594 2863 quid
616 2781 785 2842 iaciendum
807 2781 876 2863 quid
899 2798 958 2840 non
980 2781 1146 2841 faciendum
1170 2785 1268 2858 esset,
1290 2782 1417 2843 nondum

131 2895 224 2959 certis
253 2892 374 2971 legibus
402 2896 595 2958 constitutum
626 2900 700 2956 erat.
744 2895 794 2955 Ex
824 2913 883 2976 quo
912 2900 1009 2956 autem
1035 2896 1178 2976 Agrippa
1199 2897 1236 2958 de
1257 2896 1305 2957 iris
1324 2885 1418 2958 rebus

131 3011 298 3089 tantopere.
316 3010 440 3073 meritus
469 3014 534 3090 est,
570 3010 678 3094 civitas
706 3010 848 3089 proprios
874 3010 1067 3090 magistratus
1094 3013 1226 3092 creavit,
1255 3010 1417 3075 Curatores

115 3118 284 3208 aquarum,
307 3128 371 3188 suis
394 3127 565 3207 insignibus
585 3126 752 3207 praeditos,
774 3125 927 3206 principes
949 3146 1068 3206 semper
1084 3128 1214 3189 civitatis
1234 3131 1320 3189 viros
1332 3130 1416 3200 (Art

134 3244 188 3321 1),
215 3243 325 3325 quibus
355 3261 493 3326 aquarum
517 3242 632 3304 unicum
660 3243 821 3303 iniunctum
849 3242 996 3320 officium3
1022 3242 1093 3304 hinc
1120 3243 1250 3305 Senatus
1280 3244 1416 3305 consulta

130 3358 169 3419 ad
191 3357 285 3419 solam
307 3377 445 3442 aquarum
463 3377 560 3421 euram
576 3359 757 3437 pertinentia
768 3358 836 3420 data
853 3363 923 3419 sunt
938 3358 1086 3441 legesque
1108 3359 1327 3439 promulgatae,
1349 3379 1415 3420 res-

131 3491 189 3556 que
210 3475 249 3536 ad
270 3478 381 3537 certum
403 3475 451 3536 ius
471 3474 574 3537 rediit.

214 3590 266 3654 lte
284 3591 492 3673 promulgato]
516 3589 666 3680 Quinctia.
694 3589 760 3652 NB.
784 3589 895 3668 „leges
913 3589 1079 3674 perlatae“
1101 3592 1230 3671 Artes,
1251 3592 1302 3652 uhi
1319 3610 1413 3653 sermo

131 3708 179 3770 est
201 3706 239 3768 de
261 3706 445 3786 temporibus
466 3705 578 3767 liberae
599 3707 644 3766 rei
666 3724 696 3784 p.
718 3704 855 3766 nnlnn.

213 3823 370 3902 Augustas
392 3840 509 3906 qaoque
529 3821 649 3893 edicto)
673 3819 800 3882 Sueton-
824 3820 892 3885 Oct.
914 3826 965 3885 31.
987 3823 1125 3887 HEINR.

213 3945 279 3999 tota
299 3958 334 3999 re
354 3941 386 3999 ia
400 3958 459 4000 soa
480 3937 579 4019 denes,
597 3938 766 4011 translata)
788 3937 944 4019 Nimirum,
967 3943 1000 4000 ut
1016 3959 1057 4001 ex
1074 3960 1140 4020 suo,
1163 3959 1223 4002 non
1244 3958 1284 4002 ex
1294 3941 1414 4020 Agrip-

129 4072 187 4136 pac
208 4053 356 4116 beneficio
380 4072 414 4116 se
436 4072 538 4138 aquam
561 4052 672 4114 habere
701 4059 925 4130 cognoscerent
946 4058 988 4136 ii,
1010 4075 1140 4145 ⁸quorum
1163 4058 1318 4118 commodo
1340 4075 1415 4139 aqua

129 4169 320 4248 erogabatur.
349 4167 439 4233 Pon.
482 4167 554 4230 Scir.
577 4168 748 4246 „nachdcm
771 4188 805 4232 er
831 4171 884 4233 das
907 4172 1009 4235 (ianae
1031 4173 1084 4233 aui
1102 4174 1188 4234 scine
1208 4173 1414 4250 Bewiiligoug

128 4285 369 4350 tibernommen.“
1269 4267 1271 4273 ’

211 4403 386 4466 Messalam
409 4402 585 4479 Corvinum]
616 4402 685 4466 Λή.
710 4409 778 4467 192.
820 4401 959 4464 Perinon.
988 4405 1018 4464 in
1048 4403 1170 4483 Syllog.
1194 4405 1292 4486 dipist.
1314 4407 1411 4468 Burin,

127 4504 183 4581 IV.
205 4537 237 4598 p.
260 4524 330 4583 909.
353 4517 490 4583 riulan.
