2978 4988
569 281 990 366 '‘FRON'I'INUS

245 523 293 594 tia
311 522 531 618 subiungam.
566 518 674 598 Circa
700 520 756 591 ius
782 516 963 592 ducendae
988 540 1101 613 aquae
1126 519 1161 591 in
1187 520 1334 614 privatis
1361 517 1430 593 ob·

247 637 422 711 servanda
455 648 552 732 sunt,
592 661 645 710 ne
683 636 924 732 quis'sine
962 634 1140 708 litteris
1179 632 1427 726 Caesaris,

246 753 282 827 id
316 765 389 848 est,
424 778 476 828 ne
509 753 610 848 quis
644 775 801 846 aquam
832 751 1059 847 publicam
1091 774 1175 826 non
1206 752 1429 848 impetra-

247 882 352 967 tam,
381 879 432 963 et,
460 893 513 942 ne
539 873 646 963 quis
673 866 866 963 amplius
894 891 1020 963 quarn
1049 867 1320 963 impetravit
1346 867 1429 940 du·-

247 997 327 1059 cat.
371 984 425 1057 lto
451 986 540 1057 enim
568 982 780 1077 efficiemuS,
808 995 849 1056 ut
875 981 1019 1079 modus,
1048 1006 1151 1077 quem
1177 984 1309 1078 acquiri
1336 981 1430 1056 dixi-

246 1123 345 1197 mus,
385 1100 502 1199 possit
539 1098 584 1174 ad
620 1122 736 1173 novos
775 1099 943 1172 salientes
977 1111 1014 1173 et
1048 1097 1092 1171 ad
1124 1123 1217 1171 nova
1248 1099 1429 1195 Principis

245 1214 416 1291 benelicia
440 1217 626 1315 pertinere.
664 1216 707 1289 ln
730 1225 879 1312 utroque
905 1225 1022 1288 autem
1046 1237 1174 1312 magna
1200 1238 1284 1287 cuna
1310 1216 1429 1288 multi-

244 1331 328 1430 plici
355 1331 560 1430 opponenda
586 1330 700 1406 fraudi
725 1340 791 1405 est.
842 1328 1005 1407 Sollicite
1031 1329 1191 1404 subinde
1206 1329 1334 1403 ductus
1360 1355 1429 1402 ex-

242 1457 296 1518 tra
313 1447 446 1524 Urbem
472 1447 709 1521 circumeundi
735 1445 779 1520 ad
802 1445 1094 1543 recognoscenda
1119 1445 1309 1521 beneficia:
1337 1446 1428 1520 idem

244 1562 280 1635 in
306 1564 463 1636 castellis
491 1574 526 1637 et
550 1562 756 1638 salientibus
781 1561 995 1652 laciendum,
1020 1572 1058 1635 ut
1074 1563 1152 1637 sine
1168 1565 1429 1637 intermissione

245 1677 372 1753 diebus
397 1679 632 1775 noctibusque
659 1702 749 1776 aqua
764 1677 867 1772 fluat;
894 1678 988 1774 quod
1005 1675 1167 1755 Senatus
1184 1702 1324 1775 quoque
1340 1703 1428 1753 con-

246 1795 338 1868 sulto
366 1791 524 1871 (iurator
549 1796 668 1871 lacere
691 1794 848 1892 iubetur,
876 1799 979 1868 cuius
1005 1794 1094 1870 ltaec
1118 1793 1229 1870 verba
1256 1806 1358 1870 sunt:

146 1993 441 2011 w

285 2133 317 2190 in
337 2134 485 2212 privatis)
508 2134 531 2194 i.
549 2151 578 2194 e.
600 2129 677 2193 inter
696 2131 843 2210 privatos.
886 2128 966 2192 Scit:
989 2133 1021 2191 iu
1039 2133 1181 2209 privatos
1202 2149 1290 2192 usus.

287 2227 494 2312 observanda)
526 2232 575 2293 Ex
603 2231 622 2292 J
649 2234 681 2292 et
708 2247 770 2294 rec.
813 2229 887 2292 Pol:
919 2230 998 2291 baec
1026 2229 1162 2306 observ„
1190 2248 1249 2310 quo
1278 2227 1427 2291 vocabulo

246 2344 348 2390 carere
369 2348 540 2408 possumus.

286 2447 324 2490 ne
346 2433 429 2511 quis)
452 2428 520 2491 Hoc
542 2427 665 2490 alterum
686 2449 726 2490 ne-
744 2433 813 2511 qnis
833 2429 980 2510 ineptun13
1003 2431 1061 2490 turn
1082 2448 1135 2492 vu.
1152 2449 1260 2512 aquom
1274 2429 1429 2512 pellicem

245 2524 371 2587 alienum
400 2526 451 2590 hio
479 2528 580 2589 locuni
604 2533 796 2608 occuparunt
839 2527 944 2604 Lego:
977 2549 1015 2591 nc
1042 2533 1109 2611 quis
1138 2548 1248 2612 aquom
1273 2531 1428 2611 publicam

245 2629 311 2687 sinc
333 2626 443 2688 litteris
464 2629 625 2704 Caesaris,
648 2628 681 2689 id
702 2638 828 2689 estnon
849 2632 1121 2707 impetratum‚-.
1164 2627 1303 2694 flnlnn.

285 2723 480 2806 impetravit)
514 2726 545 2789 V
570 2732 601 2788 et
621 2727 697 2788 edd:
728 2731 913 2809 impetratum
939 2728 1046 2807 suerit.
1093 2726 1175 2789 son:
1210 2731 1425 2809 impetraverit.

244 2822 338 2887 Bene.

284 2920 389 2985 Princ.
414 2920 495 3005 len.)
530 2921 574 2987 C:
598 2924 663 2986 ben.
685 2924 789 2986 Princ.
1430 2968 1435 2978 ·

285 3021 394 3086 Sollic.
408 3022 552 3095 subinde)
575 3021 618 3088 G:
641 3032 689 3087 est
709 3025 869 3088 sollicites.
892 3025 946 3088 sci
969 3025 1038 3087 inde
1060 3026 1196 3090 ducitis:
1222 3026 1272 3088 V:
1290 3030 1425 3092 sollicite

245 3120 449 3185 subinductus.

288 3218 514 3303 circumeundi)
537 3222 583 3286 V:
605 3232 636 3284 ct
654 3227 729 3285 circ.
772 3224 835 3286 lld:
858 3235 928 3288 suut
949 3228 1027 3286 circ.

285 3330 317 3384 et
335 3319 416 3402 sol.)
438 3322 467 3384 V
489 3325 520 3384 et
542 3322 610 3387 cdd.
633 3342 690 3385 ont.
712 3334 752 3388 et.

287 3421 497 3503 noctibusque)
526 3421 612 3485 abest
637 3441 656 3484 a
681 3424 769 3488 codd.
796 3429 828 3488 et
852 3425 887 3488 F.
929 3424 1075 3486 Restituit
1103 3423 1177 3486 illud
1203 3442 1244 3488 ex
1269 3425 1289 3486 J
1310 3431 1341 3490 et
1361 3446 1423 3489 rec.

244 3517 330 3595 Pol,
355 3522 424 3602 quia
444 3522 512 3586 Art.
527 3525 585 3582 104
607 3521 737 3585 Senatus
759 3525 889 3588 consulti
909 3524 1003 3586 verba
1020 3528 1109 3586 sunt:
1131 3525 1263 3588 interdiu
1278 3536 1309 3588 et
1323 3537 1424 3591 noctu.

285 3617 359 3679 Seu.
389 3639 507 3703 qnoque
535 3622 692 3698 consulto)
736 3621 830 3702 Solu,
858 3629 969 3704 puncto
997 3627 1069 3705 post
1092 3625 1170 3704 fluat
1195 3625 1312 3705 posito,
1344 3626 1425 3690 delet

244 3736 380 3800 qnoque5
413 3721 490 3781 iden
513 3723 543 3783 ln
565 3741 651 3804 seqq.
671 3741 727 3802 pro
749 3723 827 3786 duee
848 3743 966 3807 qnoque
985 3722 1081 3787 verba
1102 3728 1193 3806 (quae
1216 3728 1263 3788 est
1282 3724 1424 3787 librorum

246 3818 373 3877 omnium
395 3818 509 3892 lectio)
539 3821 637 3897 legit:
666 3823 744 3884 baec
766 3842 901 3906 quaeque
920 3821 1014 3885 verba
1043 3819 1170 3903 (descen
1191 3842 1304 3901 gaunon
1325 3821 1426 3888 Inbalt

243 3909 317 3994 ist}3
341 3916 420 3996 quod
441 3919 528 3981 uinis
550 3921 717 3984 insolenter
738 3921 860 3984 dictum.
902 3921 996 3984 Unum
1018 3940 1135 4004 qnoque
1156 3925 1274 3985 omnino
1297 3927 1346 3986 est
1367 3942 1425 3986 nc-

244 4017 424 4099 cessarium3
447 4017 483 4077 dc
505 4017 601 4081 allero
623 4040 741 4105 quoqne
761 4021 926 4083 abundante
946 4039 979 4083 v.
1000 4020 1039 4080 ad
1059 4021 1129 4082 Ant.
1150 4040 1216 4105 seq.
1238 4023 1305 4084 init.

283 4113 362 4176 laec
384 4121 519 4198 quoque)
553 4119 659 4199 Lego:
685 4121 810 4184 haecce.
852 4117 887 4180 ld
907 4121 1050 4199 scriplum
1070 4121 1207 4204 luceque
1227 4139 1330 4184 erroro
1351 4122 1425 4186 abiit

244 4214 274 4275 in
295 4213 463 4290 vulgatum.
505 4218 575 4299 lpse
597 4224 695 4283 autent
717 4236 803 4282 error
824 4218 915 4280 docet
935 4238 999 4281 cam
1020 4237 1076 4300 pcc
1096 4220 1341 4302 descriptorem
1364 4240 1424 4284 ve-

244 4317 335 4375 terum
358 4318 389 4377 ct
409 4315 516 4377 honera
532 4315 702 4382 >habendam
725 4333 813 4396 essc3
835 4317 915 4398 quod
936 4318 1053 4400 quidem
1073 4336 1117 4382 ex
1137 4317 1261 4383 aliorum
1283 4321 1423 4404 disputo-

242 4413 374 4475 tlouihus
397 4413 473 4478 disci
496 4415 591 4482 adhuc
613 4437 671 4481 nou
692 4417 801 4499 potuit·
843 4415 983 4482 Hlllllli.
