2978 4988
455 379 458 385 ,
475 308 917 406 ANNO'I'A'I'IONES.

673 566 723 625 87.

142 709 389 792 describebatur]
418 713 441 775 i.⁴
461 712 703 774 distribuebatur.
730 711 799 774 Art.
821 717 878 774 98:
902 712 1086 795 descripsit,
1109 731 1153 774 so.
1176 732 1231 792 per
1254 732 1340 775 oom-

57 829 232 889 mcntarios.
250 825 390 889 uulua.
417 827 607 890 Describere
623 832 670 889 est
690 827 778 907 „eine
789 828 992 909 planmissige
1006 829 1186 892 Uebersicbt
1198 829 1339 908 geben“3

56 945 126 1007 ideo
149 944 236 1005 etiam
258 943 462 1023 „planmiissig
483 943 679 1006 eintbeilen.“

138 1059 246 1141 plures
267 1062 383 1141 aquae)
414 1058 518 1158 intell.
542 1057 735 1139 „redditae“,
768 1078 809 1122 cx
838 1079 903 1142 seq.
931 1059 1065 1122 reddita.
1109 1062 1182 1149 Quis
1206 1057 1342 1124 dubitati

59 1174 132 1239 Scb.
155 1180 252 1238 tamen
274 1176 374 1236 addit:
393 1176 501 1258 plures
522 1196 622 1259 aquae
642 1177 802 1241 accedunt.

141 1292 266 1354 reddita
293 1292 395 1372 amplo
427 1293 496 1374 op.)
534 1292 672 1356 Reddita
698 1292 814 1354 Marcia
837 1291 965 1354 collibus
992 1297 1057 1355 est:
1092 1313 1157 1354 uam
1184 1298 1340 1375 postquam

61 1408 187 1472 Claudia
213 1407 332 1469 aNero
355 1406 429 1487 lmp.
452 1409 483 1469 in
506 1407 643 1472 Coelium
671 1414 702 1472 et
729 1409 913 1472 Aventinum
942 1410 1087 1488 perducta
1115 1412 1194 1486 erat,
1222 1410 1341 1489 priores

59 1543 165 1604 aquae,
187 1524 303 1586 Marcia
324 1527 355 1586 et
375 1523 467 1601 dulia,
491 1526 620 1586 omissae
643 1531 735 1587 erant.
760 1523 828 1587 Art.
852 1529 902 1588 16.
929 1526 1090 1606 Ampliore
1112 1544 1204 1607 opere
1224 1524 1343 1585 reddita

58 1638 173 1702 Marcia
195 1645 256 1703 est:
286 1661 373 1723 quum
396 1643 473 1702 enim
497 1659 567 1719 pars
588 1644 697 1703 tautum
719 1641 868 1720 Marciae,
898 1643 927 1702 in
950 1643 1046 1702 rivum
1067 1640 1284 1703 Herculaneum
1306 1658 1342 1700 se

61 1755 218 1834 deficiens,
241 1757 299 1818 rivi
313 1756 497 1818 Herculanei
519 1758 637 1819 nominc
658 1776 714 1836 por
726 1756 864 1821 Coelium
887 1757 1045 1818 duceretur
1068 1753 1153 1838 (Art.
1167 1754 1239 1837 19);
1262 1755 1341 1817 baud

60 1874 103 1933 ita
123 1891 230 1949 magna
251 1875 354 1952 copia,
383 1892 474 1954 quare
495 1873 576 1934 Nero
606 1875 722 1951 omisit,
749 1871 960 1956 Claudiamque
981 1875 1142 1952 perduxit:
1155 1887 1157 1893 ·
1170 1891 1248 1935 nuno
1276 1874 1343 1952 ipsa

59 1986 174 2051 Marcia
195 1988 338 2068 ampliore
360 1994 448 2071 atque
466 1993 552 2052 antea
574 2008 682 2070 opere,
704 1994 735 2053 et
755 1990 878 2071 proprio
901 2007 994 2072 aquae
1017 1990 1119 2069 ductu,
1142 2009 1160 2051 a
1182 1988 1290 2054 Coelio
1312 1990 1342 2051 iu

60 2103 244 2166 barentinum
266 2106 449 2184 perducitur.
915 2093 921 2105 ⁸
1235 2099 1239 2108 ’

675 2293 726 2350 88.

143 2395 252 2483 aucto)
273 2405 294 2465 i.
316 2423 344 2468 e.
366 2405 392 2465 si
415 2405 519 2465 auctus
541 2404 642 2465 luerit.
665 2403 804 2466 Huln'lt.

51 2590 53 2592 ,
145 2518 313 2602 ducebant]
341 2521 361 2583 i.
385 2540 412 2582 e.
436 2519 640 2598 deducebant,
664 2521 843 2599 dirivabaut,
866 2520 887 2580 i.
903 2538 930 2580 e.
953 2518 1027 2579 elam
1050 2519 1259 2598 surripiobant.
1281 2521 1343 2584 Se-

62 2645 138 2721 curi,
160 2641 181 2702 i.
205 2658 233 2700 e.
256 2639 320 2699 sine
344 2655 424 2714 cura,
448 2638 513 2699 sine
536 2639 653 2699 timore.
695 2637 861 2714 Fruuntur,
884 2635 953 2697 scil.
976 2655 1061 2719 aqua.

142 2761 320 2840 pereuntes)
355 2761 600 2836 praetereuntes,
641 2753 715 2830 „die
743 2771 809 2813 uum
836 2750 961 2812 Ablluss
989 2752 1154 2815 dieuenden
1182 2755 1362 2842 wasers

61 2872 223 2936 BUNSEN
249 2869 426 2932 Bescbreib.
458 2871 510 2930 der
532 2869 580 2932 St.
603 2868 679 2931 Rom
706 2870 764 2931 Bd.
786 2868 812 2929 1.
833 2888 865 2948 p.
888 2873 957 2930 102.
1001 2868 1169 2932 Pereuutcs
1196 2872 1216 2933 i.
1239 2891 1268 2954 q.
1291 2890 1344 2932 ca-

63 2991 167 3053 ducae.
188 2987 325 3049 lllllNll.
367 2987 547 3048 Emendavit
568 2986 750 3063 Eumenius,
772 3002 828 3046 nco
850 2983 996 3047 latinitate
1019 2985 1120 3065 salua,
1142 3005 1197 3048 uec
1220 2991 1345 3051 seuten-

49 3106 113 3170 tu.
155 3104 224 3166 Non
247 3103 453 3180 emendasset,
480 3103 506 3162 si
529 3103 764 3181 comparavisset
783 3100 878 3161 verba
905 3101 974 3163 Art.
1000 3106 1072 3177 lll,
1103 3104 1276 3163 necessario
1306 3103 1346 3165 ob

62 3223 156 3300 ipsam
178 3239 239 3281 rem
261 3219 310 3280 bic
332 3219 545 3298 comparanda,
575 3217 625 3277 ubi
649 3218 685 3276 de
707 3234 783 3297 aqua
805 3215 927 3276 caduca
956 3216 1075 3293 agitur:
1110 3217 1195 3279 Nom
1220 3227 1347 3281 necesse

62 3347 110 3399 est
129 3370 171 3381 -
191 3337 325 3418 aliquam
344 3344 460 3417 partem
480 3352 580 3416 aquae
600 3332 746 3413 effluere5
773 3351 838 3392 eum
858 3331 918 3391 doc
937 3336 1091 3413 pertineat
1109 3351 1170 3392 aaa
1186 3335 1282 3395 solum
1302 3335 1348 3396 ad

65 3452 157 3516 Urbis
169 3462 294 3513 uestrae
305 3451 525 3528 salubritatem,
537 3449 595 3512 scd
606 3433 696 3511 etiam
707 3448 750 3509 ad
760 3448 920 3509 utilitatem
929 3446 1104 3508 cloacarum
1115 3449 1345 3512 abluendarum.

147 3574 268 3630 otiosae
289 3574 374 3640 suat)
396 3568 518 3628 Bunsen
539 3565 562 3625 l.
585 3577 631 3626 c.:
660 3563 765 3644 „obne
786 3562 940 3625 Nautnen“.
964 3564 1004 3624 ei.
1026 3563 1187 3628 Foroellin.
1209 3567 1240 3627 in
1262 3586 1292 3626 v.

146 3685 213 3746 alia
234 3689 296 3746 iam
316 3683 416 3745 mund.
438 3679 515 3762 cto.)
540 3678 590 3743 01.
611 3680 680 3744 Art.
698 3685 769 3744 lll.
790 3679 1017 3742 Munditiarum
1037 3699 1142 3741 verum
1165 3683 1223 3760 est,
1246 3686 1347 3744 trous.

62 3800 153 3864 latum
175 3820 193 3861 a
214 3801 361 3861 domibus·
403 3798 554 3859 Forcellin
575 3799 606 3858 in
626 3817 658 3857 v.
680 3797 785 3878 Neque
807 3798 837 3857 in
858 3793 964 3875 plurali
986 3799 1070 3857 recte
1092 3796 1238 3876 oll'cndas,
1261 3817 1346 3879 quem

11 3886 21 3993 ,Ι
62 3935 214 3979 numerum
237 3916 312 3979 baec
334 3920 417 3977 aetas
439 3913 568 3976 novandi
590 3913 690 3975 studio
720 3913 858 3974 affectare
887 3910 967 3972 solet
997 3913 1026 3972 iu
1053 3911 1151 3974 multis
1178 3912 1347 3977 huiusmodi

63 4033 271 4096 substantivis.
317 4033 393 4096 Viae
415 4034 446 4093 et
465 4034 590 4093 semitae
610 4030 639 4090 in
662 4029 745 4090 urbe.
775 4028 842 4091 Cic.
864 4025 905 4089 11.
935 4028 972 4088 de
994 4028 1029 4091 L.
1051 4028 1132 4107 Agr.
1154 4024 1187 4109 §-
1211 4033 1261 4092 96.
1303 4030 1350 4092 Er

64 4169 190 4227 causae,
214 4151 235 4210 1.
257 4153 289 4210 et
309 4150 365 4211 sic.
388 4147 474 4209 Hand
495 4145 628 4208 Turseli·
651 4144 691 4207 11.
713 4165 744 4225 p.
761 4148 831 4206 481.
856 4147 904 4206 19.
927 4145 1066 4208 llbln'lt.

146 4285 234 4345 prae.
257 4266 352 4336 coeio]
375 4266 395 4329 i.
408 4283 436 4326 e.
457 4263 570 4325 bumidi
591 4265 715 4342 propter
727 4261 935 4322 exhalationes
956 4260 1067 4322 vlarum
1090 4262 1232 4338 sordium,
1255 4264 1347 4326 crassi

65 4385 98 4443 ct
118 4381 254 4461 pinguis,
284 4384 368 4443 cuius
391 4383 459 4443 ideo
482 4381 625 4459 aspiratio
648 4379 754 4460 gravis
778 4379 808 4441 ei
828 4376 976 4456 pestilens
998 4377 1095 4440 lutura
1118 4381 1176 4439 est.
1222 4375 1286 4441 cio.
1310 4380 1347 4442 ad

64 4497 160 4562 Attio.
184 4497 239 4562 XI.
261 4502 319 4560 22:
341 4502 481 4580 prauitas
503 4498 591 4561 coeli.
