2978 4988
100 380 176 457 120
544 380 951 463 FRON'HNUS

199 626 393 708 coartatum
420 624 480 690 aut
502 614 650 689 tectoria
675 626 958 713 corrumpuntur,
984 612 1077 687 unde
1102 613 1189 686 fiunt
1209 616 1381 687 manatio-

197 756 282 826 nes,
311 731 439 829 quibus
463 754 616 805 necesse
643 742 699 804 est
723 732 833 806 latera
858 733 1012 804 rivorum
1038 742 1073 802 et
1098 731 1380 804 substructiones

196 848 321 921 vitiari.
371 848 473 921 Pilae
500 870 638 943 quoque
663 848 765 944 ipsae
789 848 861 921 toio
888 856 1089 921 exstructae
1115 847 1181 918 sub
1206 857 1276 919 tam
1303 871 1395 919 ma-.

198 986 269 1061 gno
297 988 403 1037 tinere
428 962 601 1037 labuntur.
631 961 760 1060 Refici,
789 988 879 1060 quae
905 964 998 1035 circa
1024 962 1147 1034 alveos
1175 978 1256 1034 sunt
1282 963 1380 1035 rivo-

196 1102 293 1173 rum,
328 1089 463 1153 aestate
488 1104 559 1153 non
583 1077 729 1173 debent,
757 1103 802 1154 ne
827 1080 1069 1152 intermittatur
1094 1101 1184 1149 usus
1210 1090 1377 1175 tempore,

197 1216 266 1291 quo
300 1197 489 1294 praecipue
523 1193 763 1288 desideratum
800 1194 866 1268 sed
896 1219 982 1266 vere
1014 1194 1072 1266 ve'i
1104 1204 1310 1287 auctumno,
1346 1206 1380 1266 et

195 1316 348 1385 maxima
383 1336 462 1386 cum
496 1311 738 1406 festmatione,
781 1322 837 1405 ut,
878 1310 1014 1383 scilicet
1047 1320 1128 1398 ante,
1160 1309 1378 1405 praeparatis

197 1428 377 1523 omnibus,
412 1451 516 1525 quam
547 1427 775 1525 paucissimis
800 1425 925 1501 diebus
951 1427 1017 1497 rivi
1043 1440 1196 1498 cessent.
1247 1424 1377 1496 Nemi-

195 1566 273 1615 nem
301 1544 411 1641 sugit,
444 1568 509 1642 per
533 1543 695 1640 singulos
722 1542 848 1615 ductus
874 1540 941 1615 hoc
968 1565 1052 1614 esse
1079 1539 1292 1635 iaciendum,
1321 1565 1375 1631 ne,

96 1652 172 1729 123
197 1659 228 1729 si
267 1659 388 1756 piures
426 1660 557 1758 pariter
595 1669 813 1754 avertantur⁷
853 1656 946 1731 desit
983 1681 1073 1753 aqua
1111 1657 1251 1730 civitati.
1308 1655 1375 1748 Ea,

196 1796 287 1869 quae
312 1801 381 1849 non
406 1775 623 1875 interpellato
648 1799 762 1872 aquae
789 1797 898 1849 cursu
924 1773 1016 1847 effici
1049 1772 1193 1866 debent,
1228 1773 1377 1844 maxime

96 1964 350 1983 ——u—

236 2056 355 2138 Refici]
378 2057 452 2123 Scir.
474 2060 555 2122 addit
575 2064 663 2123 vitia.

235 2164 325 2232 ueris)
349 2176 392 2219 so.
415 2160 555 2221 rivorum.
597 2160 616 2221 J
637 2163 669 2221 et
689 2169 758 2220 rect
781 2179 820 2221 nc
841 2177 940 2240 apuue
962 2162 1014 2219 int.
1036 2175 1119 2218 usus.
1312 2236 1316 2243 Ι

235 2257 287 2318 oet
306 2262 407 2330 auct.)
430 2254 474 2321 c:
497 2268 530 2320 ut
550 2268 633 2322 auct.
656 2260 693 2319 dc
715 2277 772 2340 qua
792 2257 1007 2338 permutatione
1030 2257 1158 2317 diximus
1180 2256 1216 2316 ad
1238 2253 1308 2316 Art.
1325 2259 1374 2317 so.

235 2366 282 2431 ut,
304 2360 428 2420 scilicet
447 2364 533 2432 onte)
560 2358 605 2421 lta
626 2359 754 2435 integris
776 2357 886 2419 litteris
907 2357 1048 2417 scribitur
1069 2357 1100 2416 in
1121 2352 1165 2431 ὓς
1192 2357 1377 2416 conveniunt

193 2457 329 2533 vestigia
350 2458 393 2521 U:
417 2467 451 2520 ut
468 2478 506 2521 su
528 2456 594 2529 [vel
610 2463 658 2521 sic
673 2457 724 2519 vei
740 2452 809 2538 cci)
891 2465 980 2531 note,
1001 2458 1023 2516 i.
1041 2474 1069 2518 e.
1090 2465 1124 2516 ut
1142 2455 1264 2516 scilieet
1284 2465 1376 2529 aute,·

194 2557 281 2616 ctiam
307 2556 342 2619 J:
366 2568 398 2619 ut
418 2578 444 2619 s.
467 2567 553 2634 unte,
579 2558 599 2618 i.
616 2574 646 2619 c.
668 2561 702 2619 ut
722 2556 839 2618 scilicet
860 2560 937 2616 ante.
980 2555 1014 2615 iu
1034 2554 1064 2616 V
1086 2552 1154 2615 ioco
1177 2553 1257 2615 iilius
1280 2571 1357 2615 voca

190 2652 254 2715 boii
281 2656 386 2718 relicta
414 2658 519 2719 lacuna
545 2660 613 2735 est3
646 2675 731 2740 quoru
761 2656 886 2736 deniquo
917 2654 993 2715 Fet
1015 2655 1062 2713 ed.
1089 2672 1133 2732 pr.
1162 2653 1202 2713 ita
1228 2653 1373 2733 expient:

192 2761 229 2815 ot
250 2756 385 2833 perfecti
410 2767 481 2818 autc
500 2790 543 2800 -
563 2759 624 2818 rici
648 2765 750 2818 essent
775 2755 862 2827 (sic).
903 2752 938 2813 iu
967 2753 1220 2814 emundationibus
1245 2751 1375 2812 iocundi

192 2855 261 2913 est:
283 2858 327 2914 ita
348 2865 381 2916 ut
401 2866 491 2931 aote‚·
519 2857 599 2936 quod
621 2855 650 2914 in
672 2854 740 2915 edd.
762 2853 950 2932 posteriores
972 2853 1096 2914 transiit.
1119 2885 1158 2894 --
1201 2852 1232 2911 iu
1257 2849 1281 2911 C
1304 2866 1374 2912 unte

191 2951 331 3012 scribitur
346 2972 401 3032 per
417 2954 622 3033 compendium
639 2973 679 3013 an
697 2951 853 3032 (imposito
869 2952 981 3031 lineo),
1003 2951 1070 3029 hic,
1093 2950 1161 3013 Art.
1173 2955 1229 3011 119
1246 2955 1276 3012 et
1292 2949 1372 3012 aiibi.

109 3064 157 3117 tto
231 3070 311 3111 mar.
334 3062 442 3114 struet.
472 3052 518 3116 V:
541 3055 701 3115 marimum
721 3060 875 3113 structum.
904 3051 927 3112 i
935 3068 945 3115 r
967 3055 1095 3112 marinio
1117 3060 1248 3130 surrepto.

233 3169 319 3233 purim
342 3159 386 3225 et)
415 3152 455 3214 F:
479 3172 572 3235 quem,
599 3151 668 3215 vi
690 3171 746 3214 om.
769 3160 808 3212 et.

229 3250 364 3327 sidetem]
393 3253 432 3313 F:
452 3252 597 3333 fideliter.

232 3349 402 3424 coloribus)
432 3352 461 3413 V
478 3354 518 3414 Fr
540 3354 789 3431 temperamentis.

232 3468 271 3507 ex
297 3449 373 3509 irrrnr.
397 3454 487 3522 coru.)
517 3451 563 3513 lta
589 3450 658 3513 iibri
685 3452 775 3530 editi,
803 3451 873 3512 item
899 3448 966 3511 Pol.
995 3454 1025 3511 et
1049 3451 1250 3539 posteriores,
1284 3454 1372 3513 etiam

188 3544 377 3609 i'orcuiiiuus
400 3552 428 3610 in
446 3570 476 3611 v.
495 3554 597 3613 unitas
618 3554 649 3615 et
665 3550 760 3613 altero
778 3550 847 3613 ioco
863 3550 893 3611 iu
909 3569 941 3610 v.
959 3549 1133 3610 corroboro.
1175 3548 1253 3610 Tros
1270 3552 1371 3614 codd:

188 3666 228 3707 cc
250 3648 398 3709 cornruorii
418 3659 525 3709 struet.
552 3651 664 3713 omisso
686 3649 816 3713 tumore.
859 3648 943 3711 Unde
965 3644 1091 3709 Corrad.
1113 3647 1177 3724 legi
1200 3650 1302 3712 iubet:
1332 3672 1373 3712 er

188 3761 224 3804 eo
246 3745 401 3805 conrmcde
422 3757 527 3813 struet.
570 3748 652 3813 Scir:
674 3769 714 3812 cc
734 3768 881 3831 compopc
900 3757 1009 3809 struet.

228 3862 269 3903 er
288 3840 427 3922 inruere)
450 3846 518 3921 iigo
536 3850 628 3909 totum
645 3847 742 3909 iocum
759 3848 831 3925 lego
849 3851 880 3909 ct
897 3846 1065 3923 distinguo:
1087 3845 1371 3910 idoneum-No-

184 3936 337 4011 vembres,
367 3944 410 4000 itu
433 3955 465 4003 ut
484 3979 526 3989 —-
547 3928 754 4025 incandescit,
783 3951 854 4031 puio
874 3979 914 3989 -
936 3962 1012 4025 opus
1033 3955 1094 4021 est,
1117 3956 1151 4007 ut
1170 3955 1203 4009 et
1220 3947 1371 4011 bonorem

185 4037 341 4099 corrrntodc
370 4050 525 4103 structura
558 4046 721 4122 corrtbidot,
753 4056 784 4107 et
813 4051 844 4107 ir
874 4047 1016 4105 unitatem
1048 4044 1278 4121 corroboretur,
1310 4066 1372 4109 noo

182 4141 282 4199 ruinas
310 4147 406 4197 aarum
430 4142 480 4200 soi
499 4147 604 4206 uerior
625 4167 711 4228 pirum
731 4145 846 4224 peditto
866 4144 1057 4222 praecipitat
1084 4140 1220 4223 (pendet
1240 4164 1258 4205 a
1279 4151 1368 4227 prtia)

179 4235 350 4297 materiam.
391 4236 466 4298 Nec
482 4241 575 4302 atium
591 4278 628 4289 -
648 4244 831 4305 obstaturam
847 4248 895 4302 est
902 4256 918 4313 ς
936 4238 1015 4317 fides
1030 4242 1131 4323 iterque
1148 4246 1206 4305 ctc.
1227 4242 1369 4307 iiiiiNii.

176 4331 288 4409 Magis
316 4331 413 4408 probo
441 4337 709 4416 interpunctionem
735 4338 841 4399 aPoi.
863 4336 1035 4411 vulgatam:
1065 4338 1210 4401 idoneum
1230 4374 1272 4385 —
1292 4342 1370 4405 No.

172 4428 330 4504 cernit-es,
362 4435 409 4489 ito
430 4441 464 4491 ot
483 4469 524 4479 —
545 4440 759 4503 incandescit:
790 4439 861 4517 puio
880 4466 923 4475 —-
949 4437 1171 4499 corroboretur.
1213 4419 1290 4501 Noa
1309 4448 1370 4507 nrt.

168 4547 232 4591 nus
253 4560 292 4568 ——
307 4533 490 4597 oratorium:
520 4554 577 4596 nec
599 4538 691 4597 uitam
707 4568 745 4579 ·-
763 4543 820 4595 est.
860 4530 958 4595 Fides
979 4535 1082 4615 itaque
1102 4538 1161 4597 otc.
1187 4554 1285 4617 aqua
1306 4562 1370 4621 ego
