2978 4988
96 341 149 419 26
501 342 947 423 ‘FRCN'IINUS

199 575 266 650 tani
296 578 421 674 coepit.
471 575 578 652 Alias
611 602 733 651 omnes
768 577 890 676 perdit.
940 578 1058 653 Priori
1082 579 1216 655 Anioni
1243 602 1380 680 cognou

199 717 279 766 men
303 692 451 767 Veteris
478 693 661 767 adiectum.

125 807 175 882 14
290 805 451 885 -Claudia
491 810 685 906 concipitur
728 810 787 882 via
821 808 1055 906 Sublacensi,
1109 809 1154 884 ad
1190 811 1383 886 milliarium

198 924 427 1020 XXXVIII,
455 923 658 999 diverticulo
686 923 894 998 dextrorsus
919 927 1006 998 intua
1031 950 1163 1024 passus
1190 926 1311 1026 CCC,
1340 955 1384 1004 ex

199 1039 353 1114 sontibus
380 1040 518 1116 duobus
545 1042 771 1138 amplissimis
798 1051 832 1114 et
857 1043 1046 1138 speciosis⁷
1074 1041 1249 1140 Caerulo,
1279 1045 1338 1141 qui
1364 1070 1384 1119 a

199 1156 421 1230 similitudine
454 1158 649 1255 appellatus
682 1167 757 1251 est,
799 1166 834 1231 et
867 1154 1004 1233 Curtio.
1059 1158 1206 1256 Accipit
1238 1169 1273 1234 et
1306 1185 1384 1234 eum

199 1271 341 1369 sontem,
370 1273 429 1369 qui
454 1284 602 1348 vocatur
625 1271 841 1377 Albudinus,
868 1282 983 1347 tantae
1008 1274 1192 1371 bonitatiS‚
1218 1285 1257 1349 ut
1281 1275 1385 1349 Man-

199 1389 279 1462 ciae
302 1412 442 1486 quoque
467 1387 649 1485 adiutorio,
677 1390 838 1484 quotiens
864 1413 954 1485 opus
982 1401 1053 1481 est,
1081 1395 1129 1463 ita
1153 1390 1322 1488 sufficiat,
1350 1403 1388 1465 ut

200 1503 360 1579 adiectus
386 1506 419 1580 ei
443 1504 526 1578 nihil
553 1529 599 1579 ex
625 1502 788 1602 qualitate
805 1505 891 1589 ,eius
917 1515 1035 1578 mutet.
1073 1505 1267 1602 Augustae
1292 1507 1385 1604 lons,

201 1623 282 1718 quia
306 1621 479 1696 Marciam
503 1621 574 1696 sibi
599 1619 764 1694 sufficere
789 1619 991 1718 apparebat,
1019 1626 1054 1693 in
1077 1618 1263 1697 Claudiam
1289 1622 1386 1697 deni-

200 1747 306 1811 vatus
333 1746 407 1830 est3
446 1746 606 1811 manente
632 1733 851 1809 nihilominus
878 1736 1107 1833 praesidiaria
1133 1739 1168 1810 in
1192 1739 1385 1833 Marciam,

200 1865 240 1925 ut
275 1853 323 1925 ita
362 1850 500 1925 demum
538 1850 724 1929 Claudiam
764 1875 889 1947 aquam
926 1851 1108 1925 adiuvaret
1131 1853 1314 1952 Augusta,
1356 1855 1389 1927 si

201 1992 280 2042 eam
306 1967 432 2041 ductus
457 1969 617 2044 Marciae
643 1990 712 2040 non
734 1977 891 2078 Ἧι
930 1967 1106 2048 Claudiae
1132 1967 1258 2042 ductus
1284 1968 1389 2043 habet

201 2083 453 2182 longitudinem
494 2106 666 2183 passuum
720 2079 1094 2161 XLVICCCCVI:
1144 2108 1190 2156 ex
1228 2109 1270 2158 eo
1309 2090 1388 2158 rivo

201 2201 432 2275 subterraneo
450 2227 621 2310 passuum
633 2183 1036 2295 ffiliiocxxm
1064 2226 1171 2299 opere
1188 2225 1296 2298 supra
1309 2209 1384 2274 ter-

128 2397 130 2402 r
202 2341 470 2415 rampassuum
493 2316 776 2396 X.CLXXVI:
814 2342 859 2391 ex
892 2340 1075 2430 mopere
1096 2327 1239 2390 arcuato
1260 2319 1296 2395 in
1321 2340 1387 2390 su-

202 2434 333 2530 periori
357 2444 456 2532 parte
475 2434 633 2533 pluribus
653 2437 743 2511 locis
757 2457 927 2533 passuum
937 2432 1191 2528 lllnxxvl,
1219 2442 1410 2565 etprope

202 2769 260 2812 aeta
281 2760 379 2812 autem
399 2752 481 2813 Anto
502 2751 636 2815 vitiabat
655 2761 776 2817 ceteras
798 2746 938 2831 (aquas).
973 2748 1075 2812 Heinr.
1100 2748 1195 2810 verba
1222 2749 1307 2809 uncls
1333 2749 1390 2809 -ln-

204 2849 312 2925 clusit3
335 2851 416 2909 sicut
437 2849 511 2913 Seu.
532 2854 691 2932 sequenda
712 2851 817 2913 Priori
838 2847 999 2913 adiectam.
1040 2847 1112 2910 lllea
1139 2849 1307 2909 eniendatio
1331 2848 1388 2908 de-

203 2949 293 3010 betur
312 2949 382 3010 Art.
403 2952 454 3011 91.
477 2949 527 3010 ubi
549 2951 632 3012 Anio
645 2950 752 3012 Novus
774 2953 893 3011 ceteras
914 2967 1006 3030 aquas
1027 2949 1155 3009 vitiasse
1177 2947 1313 3010 tradilur.
1336 2946 1400 3025 In-,

205 3049 332 3109 teriecta
362 3053 459 3108 autem
488 3051 537 3110 est
564 3051 715 3110 sententia
742 3049 835 3111 Alias
867 3068 967 3111 omnes
998 3047 1118 3128 perdit,
1147 3036 1389 3128 quemadmodum

205 3165 297 3226 supra
318 3146 370 3208 illa
390 3147 481 3213 Haec
502 3147 635 3211 bonitate
653 3152 795 3229 proxima
817 3147 1042 3210 estMarciae:
1063 3165 1147 3226 quam
1164 3145 1390 3222 convenienter,

206 3247 334 3328 quisque
355 3247 451 3308 viaet

142 3358 175 3414 14
256 3345 405 3422 Caerulo,
434 3349 486 3427 qai
512 3348 587 3421 etc.)
630 3346 661 3408 V
687 3351 719 3410 et
744 3347 817 3410 edd:
844 3345 1034 3427 Caerulopae
1061 3348 1122 3426 pai.
1163 3343 1241 3406 lllox
1261 3343 1306 3405 V:
1329 3362 1390 3424 ap-

203 3444 348 3526 pellatur.
370 3443 475 3505 Heinr.
496 3444 592 3507 verda
612 3450 663 3528 qai
683 3467 705 3509 a
725 3452 790 3510 sim.
803 3467 855 3529 ap.
877 3445 1021 3508 estuncis
1035 3444 1166 3505 inclusit.
1196 3441 1244 3505 ΟΥ.
1263 3443 1390 3505 Annott.

256 3545 307 3607 M.
322 3563 438 3626 qaoque
457 3543 629 3618 adiutorio]
651 3544 756 3607 lleinr.
780 3545 955 3622 distInguitt
976 3552 1009 3605 at
1018 3543 1069 3606 M.
1087 3563 1212 3625 qaoque,
1234 3541 1390 3603 adiutorio

136 3664 144 3675 ⁸
208 3661 256 3724 aa.
278 3661 356 3723 opas
377 3653 433 3719 cst,
455 3647 500 3705 ita
521 3645 593 3725 sals.
616 3663 664 3704 nne
684 3663 743 3706 nou
765 3648 962 3707 assentiente.

256 3741 399 3808 adiectae
419 3748 464 3818 aa)
487 3742 552 3804 I'ol.
575 3761 615 3804 ex
636 3742 655 3803 J
676 3747 707 3806 ct
727 3761 794 3809 rec:
816 3745 990 3812 adiectione
1009 3746 1069 3803 sai.
1091 3740 1154 3802 Sed
1168 3738 1212 3802 C:
1234 3738 1391 3802 adlectio-

207 3862 262 3903 aas
282 3842 502 3908 sea-aena.
528 3838 571 3906 U:
593 3840 783 3905 adiectiones
804 3865 861 3906 sea
880 3851 999 3905 malent.
1021 3841 1051 3902 V
1072 3842 1115 3904 Ft
1136 3839 1327 3901 adiectiones
1349 3837 1393 3900 Vl

208 3945 270 4003 aiei
290 3950 455 4004 commutet.
497 3941 563 4006 An:
605 3950 640 4004 at
659 3942 849 4005 adlectioaea
869 3960 946 4003 aaae
966 3940 1043 4002 aldit
1065 3974 1105 3983 -
1125 3930 1259 3999 mutent?
1301 3933 1392 3998 Immo

209 4041 446 4103 emendationem
468 4046 599 4102 nostram
627 4038 791 4125 (adiectas
811 4045 859 4113 ei]
890 4044 921 4102 ct
940 4039 1077 4100 FrontIni
1099 4037 1219 4097 indoles
1243 4039 1274 4095 et
1295 4030 1407 4114 ipsius

209 4141 254 4200 rei
275 4144 379 4202 natura
399 4139 517 4204 suadet.
548 4138 596 4204 Cf.
618 4141 688 4204 nrt.
712 4144 765 4202 12:
788 4159 866 4223 qaae
888 4134 1065 4218 (Augusta)
1088 4171 1128 4181 -
1150 4135 1298 4197 adiicitur
1316 4136 1392 4215 son-

209 4238 289 4302 tibus
322 4238 484 4303 Claudiae.

259 4340 420 4417 depastae
437 4343 528 4423 foas)
548 4340 653 4418 Lego:
694 4341 740 4404 Et
758 4340 838 4417 Aap.
867 4338 888 4398 i.
911 4354 938 4398 e.
961 4337 1063 4397 etiam:
1092 4352 1157 4396 nam
1186 4335 1393 4396 antecedentis

209 4441 410 4518 syntagmatis
438 4438 583 4525 [Accipit
602 4475 641 4484 -
663 4474 704 4484 ——
724 4469 763 4482 -
784 4431 890 4515 mutet]
913 4434 987 4496 nihil
1010 4437 1058 4499 est
1078 4435 1252 4512 genuinum,
1275 4437 1394 4514 praeter

210 4544 361 4604 exaemas
378 4539 499 4628 llttcraa
520 4550 551 4606 et
570 4537 711 4605 vocabull
731 4545 830 4602 mutet.
875 4533 965 4599 scu.
