2978 4988
559 282 882 365 PRAEFA'l'IO.
1300 280 1383 359 lxi

75 517 274 601 Adversus
305 500 410 614 quem
444 515 651 593 Schultcius
685 516 877 615 contendit,
911 525 1097 615 utrumque
1131 515 1290 593 codicem
1313 528 1367 591 ex-

75 675 148 725 uno
176 649 370 746 eodemque
396 650 586 746 exemplari
611 650 803 746 antiquiore
829 673 914 724 esse
939 649 1162 748 descriptum.
1201 648 1362 747 uterquc

76 786 135 856 vir
168 782 296 856 doctus
328 805 395 855 suo
434 783 582 879 quisque
606 781 711 856 modo
738 791 889 880 possunt
911 792 1009 857 recte
1033 782 1212 857 iudicasse
1235 770 1362 856 videri.

77 914 229 995 Scilicet
253 913 342 988 locis
368 914 592 1012 gravioribus
618 923 750 988 tantum
773 938 844 1000 non
868 916 1029 990 omnibus
1053 917 1179 989 mirum
1209 915 1244 987 iu
1279 932 1362 989 ιο-

76 1047 161 1122 dum
185 1049 275 1121 inter
300 1047 366 1120 hos
393 1046 537 1120 codices
564 1046 736 1121 convenit.
761 1046 812 1120 Et
835 1054 918 1119 sunt
941 1047 1021 1143 loci,
1049 1049 1175 1144 quibus
1190 1045 1362 1149 reliffl'ose

76 1182 230 1255 animum
256 1178 439 1253 attendens
464 1179 555 1255 ultro
582 1177 627 1252 ad
652 1202 730 1253 eam
756 1179 953 1275 opinionem
976 1190 1011 1253 te
1037 1178 1259 1279 compulsum
1272 1158 1362 1251 seu·

75 1315 157 1409 tias,
185 1321 225 1385 ut
248 1312 453 1390 Urbinatem
481 1309 732 1388 eGassinensi
757 1310 971 1408 descriptam
997 1334 1081 1386 esse
1107 1320 1255 1406 statuas,
1277 1309 1364 1405 loci,

77 1445 208 1542 quibus
233 1445 397 1519 librarius
422 1444 604 1522 Urbinatis
629 1444 820 1518 litterarum
845 1442 972 1517 ductus
998 1443 1130 1518 codicis
1159 1441 1363 1521 Cassianu-

67 1553 134 1651 ¹sis
158 1588 347 1651 assecutus
373 1602 442 1652 non
469 1587 526 1651 est
550 1577 710 1673 maleque
734 1576 922 1675 intellexit,
961 1574 1110 1673 ideoque
1135 1574 1226 1650 male
1249 1576 1364 1665 inter-

77 1719 238 1808 pretatus
278 1720 334 1784 est
373 1719 409 1784 et
446 1733 534 1785 suae
571 1709 821 1806 intelligentiae
861 1708 1146 1791 accommodatos
1189 1730 1369 1807 perverse·

75 1841 245 1936 reddidit3
280 1842 357 1941 alii,
385 1842 513 1938 quibus
537 1840 772 1916 tantummodo
797 1841 891 1916 levia
905 1839 1138 1919 cassinensis
1162 1842 1248 1914 vitia
1271 1839 1362 1936 abs-¹·¹

75 1976 179 2050 tersit
217 1984 253 2049 et
283 1973 330 2049 de
353 1998 422 2048 suo
461 1972 670 2049 emendavit
718 1973 805 2048 Non
836 1998 906 2048 uno
936 1974 1018 2048 -loco
1051 1975 1235 2074 probatum
1267 1969 1380 2070 dedi,

78 2107 238 2183 codicem
263 2105 523 2185 cassinensem
547 2129 634 2185 esse
658 2131 680 2180 a
704 2105 846 2181 librario
871 2106 1065 2206 Urbinatis,
1097 2115 1132 2184 et
1156 2107 1368 2184 Urbinatctu-
1405 2098 1407 2103 ’

76 2266 100 2315 a
131 2241 273 2316 librario
306 2239 440 2315 codicis
466 2240 632 2315 Vaticani
649 2237 950 2338 'pessumdatum
1000 2239 1213 2315 Vaticanum
1244 2250 1363 2313 autem

78 2382 280 2471 conuptum
306 2397 391 2447 esse
417 2373 461 2446 ab
488 2396 543 2469 eo,
571 2372 630 2469 qui
656 2370 842 2445 editionem
852 2373 1091 2446 Florentinum
1107 2372 1253 2471 paravit,
1271 2369 1363 2445 hana

80 2503 228 2602 denique
253 2531 275 2578 a
300 2505 556 2603 posterioribus
583 2503 774 2579 editoribus
801 2505 963 2578 continua
988 2505 1083 2578 serie
1109 2528 1152 2578 εθ
1178 2502 1364 2600 excipian-

76 2638 191 2713 tibus:
233 2661 324 2735 quae
356 2638 590 2736 corruptionis
624 2637 726 2735 quasi
758 2635 904 2711 historia
936 2637 1078 2722 maximi
1104 2646 1160 2711 est
1183 2634 1363 2735 ponderis.

75 2770 247 2868 Urbinas,
274 2771 335 2845 ubi
361 2796 382 2843 a
408 2768 622 2848 cassinensi
647 2769 812 2844 diversus
838 2770 920 2868 abit,
947 2769 1153 2870 plerumque
1178 2780 1235 2844 est
1259 2768 1363 2845 dete·

75 2904 169 2997 ricr3
204 2912 355 2979 attamen
380 2927 491 3002 saepe
515 2927 660 2977 numero
687 2903 787 2978 solus
813 2905 1001 3002 genuinam
1031 2903 1217 2978 lectionem
1240 2911 1364 2976 servat

77 3047 113 3110 et
139 3037 397 3133 posterioribus
423 3014 522 3112 libris
548 3035 671 3110 tradit:
699 3060 876 3133 quaeres
902 3045 1109 3135 argumento
1136 3060 1221 3111 esse
1244 3033 1360 3130 debet,

75 3169 256 3242 librarium
282 3170 462 3249 Urbinatis
487 3170 555 3243 alio
582 3191 722 3266 quoque
748 3168 870 3244 codice
896 3193 1000 3242 usum
1025 3192 1120 3242 esse.
1173 3150 1364 3265 Colligitur

77 3301 145 3376 boc
171 3302 276 3376 etiam
300 3326 347 3375 ex
371 3302 489 3376 multis
514 3301 615 3397 locis,
642 3303 703 3376 ubi
730 3301 863 3376 codicis
881 3300 1114 3379 Cassinensis
1139 3300 1360 3396 lectionibus,

78 3457 169 3530 quae
194 3458 304 3509 verae
329 3445 421 3532 suut,
448 3458 538 3533 quas
564 3459 651 3525 vero
678 3434 846 3533 expedire
869 3460 939 3510 non
965 3446 1022 3509 est
1044 3436 1079 3507 in
1095 3444 1268 3532 promptu,
1284 3431 1362 3511 Ur-

76 3566 204 3641 binatis
231 3566 407 3664 librarius,
435 3569 527 3643 alius
554 3567 687 3641 codicis
721 3568 850 3643 auxilio
876 3567 1026 3666 adiutus,
1066 3569 1182 3645 lucem
1208 3565 1363 3641 offundit.

76 3698 119 3773 ln
157 3699 279 3796 primis
305 3710 421 3774 autem
445 3700 530 3775 illud
555 3701 723 3799 colligere
749 3711 806 3777 est
832 3727 878 3776 ex
904 3702 1059 3776 lacunis:
1095 3725 1239 3798 quarum
1274 3698 1363 3775 alius

76 3832 257 3906 librarium
273 3832 455 3910 Urbinatis
481 3833 526 3908 de
550 3858 618 3908 suo
646 3836 844 3908 resarsissc
869 3844 1003 3908 certum
1029 3843 1095 3932 est,
1124 3835 1270 3909 aliarum
1294 3855 1361 3904 au-

77 3975 150 4039 tem
175 3990 224 4039 ex
246 3965 334 4041 libro
351 3968 553 4064 'antiquiore
577 3965 784 4041 medicinam
809 3966 941 4041 secisse
967 3975 1121 4065 apparet.
1173 3963 1282 4058 Quod
1315 3986 1363 4038 ex

77 4098 125 4172 iis
149 4099 372 4196 potissimum
397 4110 551 4198 constat,
580 4101 708 4198 quibus
733 4109 881 4198 uterque
905 4101 1087 4199 librarius,
1116 4098 1267 4196 exempli
1291 4097 1360 4193 sui,

78 4229 175 4328 quod
197 4232 438 4328 inspiciebant,
464 4234 576 4308 verba
600 4234 781 4309 oculorum
806 4235 882 4309 acie
906 4258 975 4308 non
1000 4233 1175 4330 assecuti,
1202 4229 1363 4305 aemula·

77 4365 172 4439 tione
199 4364 348 4462 quadam
372 4367 539 4441 maiorem
554 4367 745 4442 litterarum
760 4367 1023 4466 syllabarumve
1039 4387 1220 4440 numerum
1236 4385 1363 4437 enuere

75 4505 233 4592 certant;
276 4520 344 4596 qua
376 4500 411 4575 in
444 4525 484 4577 re
516 4500 586 4600 ipsi
611 4500 791 4580 Urbinatis
828 4500 969 4577 librario
995 4497 1178 4597 aliquoties
1204 4478 1360 4595 contigit,
