2978 4988
438 316 512 393 DE
544 316 736 410 AOUAE
767 314 1050 395 nunninus,

97 552 323 630 Maximus
349 548 479 628 Coss.
507 553 552 625 V.
578 553 640 643 F..
669 577 894 649 aquarum,
923 575 1033 649 quae
1061 557 1101 625 in
1128 551 1287 628 Urbem

101 677 321 764 venirent,
351 669 516 741 itinera
543 675 753 764 occupari
778 673 1067 741 monumentis
1095 678 1137 740 et
1162 667 1286 743 aedi·

102 788 230 860 ficiis
263 799 304 859 et
335 784 571 859 arboribus
605 789 801 879 conseri,
832 781 1286 874 Q.F.P.D.E.R.J.G.

107 990 366 1006 m

142 1102 197 1162 Ad
214 1102 273 1182 ref.
296 1105 381 1164 riuus
404 1104 478 1176 etc.)
511 1101 577 1165 1¹01.
600 1100 757 1177 vulgarit:
789 1099 843 1161 Ad
864 1100 922 1180 ref.
944 1103 1001 1162 rio.
1024 1120 1208 1185 specusque,
1228 1123 1288 1185 per

102 1219 180 1281 pune
207 1210 237 1261 et
263 1220 360 1283 opere
387 1203 513 1284 publicu
540 1210 779 1282 corrumpamur.
806 1206 965 1263 annotans:
998 1198 1089 1277 Cum,
1113 1202 1288 1283 interruptis

101 1300 260 1373 ductibuS‚
283 1303 442 1362 cessabant
464 1320 556 1383 equae
579 1301 815 1381 deficiebaniqne
838 1298 966 1377 publicis
988 1300 1146 1379 operibus,
1169 1303 1288 1381 publiea

101 1416 195 1476 opera
216 1402 496 1479 corrumpebantur,
525 1401 655 1461 nimirum
679 1399 794 1460 inutilia
815 1400 1013 1460 remanebant.
1056 1398 1091 1460 iu
1112 1420 1185 1478 gon.
1208 1422 1286 1466 nou.

101 1501 147 1557 tro
171 1517 249 1579 ptrue
272 1501 372 1570 (rivos
395 1509 579 1580 specusque]
603 1520 661 1562 non
685 1499 814 1559 oiiendo.
836 1497 996 1577 v.'durnpt.
1018 1498 1083 1560 Lat.
1096 1500 1149 1563 Gr.
1165 1499 1199 1582 S
1212 1506 1284 1566 3³1.

100 1595 162 1656 Sed
192 1600 338 1658 sententia
364 1619 422 1661 non
445 1599 555 1678 piacet.
597 1600 699 1660 lieinr.
721 1602 863 1662 annotat:
903 1595 995 1673 „lem
1018 1615 1289 1683 corrumperentur.

102 1700 133 1755 et
154 1694 231 1756 haee
253 1700 335 1777 prins
355 1718 436 1777 pono
459 1706 530 1780 post
551 1703 682 1761 conseri.
721 1698 771 1761 et.
789 1698 856 1758 Au.
869 1698 957 1759 108.“
980 1700 1008 1758 in
1025 1698 1156 1760 lectione
1173 1703 1287 1785 reliquo

101 1794 168 1858 Poi.
191 1802 324 1860 secutus.
366 1798 400 1859 ln
429 1799 512 1861 libris
543 1800 665 1880 scriptis
687 1799 902 1877 impressisque
925 1799 1069 1876 periodus
1091 1800 1135 1859 sie
1158 1804 1286 1864 exordi-

102 1900 166 1962 tur:
192 1896 264 1956 Cum
286 1898 330 1957 ud
350 1900 432 1978 res.,·
459 1903 616 1977 praeterea
637 1900 665 1959 in
687 1898 780 1961 tribus
804 1897 893 1957 codd.
917 1901 948 1958 et
968 1897 992 1959 F
1015 1904 1062 1959 est
1084 1919 1287 1983 currumpun-

100 2002 159 2055 tur.
203 1993 287 2057 Unde
311 1997 389 2060 sm:
422 1999 493 2060 tium
521 1999 565 2060 ud
591 2001 652 2079 res.
679 2021 706 2062 r.
733 2016 903 2080 specusque
925 2004 1095 2080 pertineat,
1124 2021 1221 2085 neque
1248 2022 1287 2063 eu

100 2111 198 2175 opera
224 2115 324 2178 upuue
344 2097 489 2179 publicae
511 2109 751 2180 corrurnpuntur.
793 2100 863 2175 Ego
886 2116 959 2158 vero
982 2096 1070 2158 aliter
1089 2096 1186 2160 iocum
1210 2118 1287 2161 con-

102 2195 282 2257 stituendum
306 2215 376 2259 esse
400 2198 482 2260 duxi.
513 2199 686 2276 Sententia,
709 2218 793 2279 qnmn
815 2197 950 2273 restitui,
973 2196 1055 2256 nulio
1077 2199 1194 2258 nomine
1215 2204 1287 2261 teu-

102 2295 201 2353 tanda.
245 2295 353 2356 Factae
376 2302 555 2360 mutationes
579 2298 677 2359 leves.
717 2298 790 2358 Cum
811 2296 920 2374 prinms
942 2296 971 2355 in
993 2297 1125 2372 margine
1147 2296 1216 2358 iibri
1239 2300 1286 2361 sui

102 2391 216 2452 delerit
236 2393 399 2473 PithoouS,
423 2399 500 2478 qnod
523 2396 591 2458 Pol.
614 2415 653 2457 ex
678 2396 826 2474 duplicata
847 2395 984 2474 praeced.
1003 2400 1073 2455 nota
1090 2396 1122 2457 ζ’.
1141 2396 1284 2473 originem

102 2493 232 2553 traxisse
262 2497 426 2560 existimat.
467 2498 597 2559 Mutatio
625 2492 839 2556 vocabulorum
865 2513 923 2573 per
950 2512 1027 2575 uuae
1056 2495 1084 2554 in
1111 2515 1191 2577 quae
1217 2516 1285 2577 per,

102 2593 277 2670 compendia
299 2596 488 2674 respicienti,
521 2599 577 2658 vix
598 2595 694 2656 rideri
717 2596 820 2674 potest
841 2593 973 2652 ructatio.
1017 2593 1061 2654 Et
1082 2600 1113 2655 et
1135 2616 1172 2655 eu
1193 2615 1285 2677 saepe

103 2693 262 2768 permutari
290 2694 454 2756 audirimus
481 2697 518 2756 ad
546 2695 615 2757 nrt.
633 2698 683 2754 94.
728 2694 883 2753 Postremo
914 2695 960 2753 rei
984 2692 1155 2772 absorptum
1179 2700 1227 2756 est
1248 2696 1285 2757 ab

104 2788 204 2851 ultima
224 2790 342 2870 syllaba
363 2814 401 2855 ru
422 2796 563 2875 praeced.
585 2794 736 2856 vocabuli.
769 2792 830 2856 ner
847 2790 932 2875 publ.
954 2798 1050 2853 autem
1072 2794 1192 2872 ponitur
1212 2812 1285 2857 casu

103 2893 204 2953 tertio.

144 2996 250 3073 prtinus
271 2992 382 3067 denuc)
410 2993 438 3055 U
459 2995 489 3057 V
509 2996 549 3057 F:
578 2996 612 3058 C.
636 2998 754 3077 quinus.
783 3010 800 3053 e
822 3010 880 3074 quo
902 2993 932 3053 in
953 2991 972 3052 J
994 2996 1026 3054 et
1046 3010 1107 3054 reo.
1129 3012 1286 3074 perperam

105 3090 211 3153 iactum
230 3102 372 3155 centenos
389 3097 505 3176 quinos.
542 3093 639 3156 Recte
656 3093 800 3155 Pithoeus
818 3100 973 3166 centenus,
997 3092 1181 3173 quodetiam
1198 3094 1287 3155 Bris-

103 3208 168 3252 son.
203 3191 340 3269 retinnit,
374 3195 499 3255 delerit.
542 3194 616 3255 Nam
648 3192 808 3272 perspicua
839 3193 888 3251 est
920 3192 1037 3252 codicis
1064 3189 1089 3252 C
1117 3193 1285 3271 scripture:

101 3301 203 3369 purte.
238 3283 263 3354 θ’
288 3297 399 3369 uinos;
441 3293 516 3356 main
548 3296 649 3367 sorte,
692 3304 770 3371 pro:
811 3300 913 3372 purte.
946 3293 1062 3371 quium.
1095 3309 1125 3349 v.
1154 3291 1284 3353 Annuit.

104 3390 262 3451 Praeterea
284 3392 352 3452 Pol.
376 3398 516 3455 annotare
538 3393 661 3469 omisit,·
678 3393 708 3451 in
731 3389 756 3454 C
780 3390 889 3451 deesse
910 3407 1039 3451 uacuus.
1067 3389 1147 3468 quod
1167 3388 1284 3470 quidem

103 3490 211 3549 abesse
232 3494 352 3568 potest,
375 3510 440 3553 enm
463 3495 529 3554 eius
550 3492 634 3554 notio
657 3492 714 3552 iem
735 3489 883 3552 inhabitet
903 3489 998 3551 verbo
1019 3498 1137 3569 putere.

145 3593 230 3652 cirea
251 3594 353 3662 riuos)
381 3591 411 3652 V
432 3592 471 3653 F:
495 3611 541 3655 ee.
563 3594 657 3652 riuus.

143 3692 225 3751 intra
252 3700 331 3753 eunt.
358 3691 473 3771 aedis.)
503 3692 536 3752 in
566 3690 655 3750 codd.
685 3694 717 3752 et
743 3691 814 3751 edd.
837 3689 925 3751 deest
951 3692 1043 3749 intra.
1083 3685 1225 3749 Nimirum
1248 3690 1286 3751 ob

101 3788 322 3850 similitudinem
345 3793 585 3871 compendiorum
602 3785 654 3850 it?
677 3787 713 3869 [i.
726 3808 755 3850 e.
773 3786 866 3868 iutra)
888 3793 920 3852 et
936 3788 968 3849 'e‘t
989 3784 1027 3868 [i.
1039 3805 1067 3850 e.
1084 3791 1182 3861 cont.)
1206 3787 1285 3851 ulie-

103 3908 164 3948 rnm
187 3908 204 3949 a
226 3888 354 3951 librariis
375 3893 516 3952 omissum
539 3894 597 3952 est.
630 3888 791 3951 Praeterea
811 3890 841 3949 in
864 3886 889 3951 (i
910 3906 966 3969 pro
988 3897 1116 3971 utruque
1137 3908 1177 3949 ee
1194 3898 1288 3969 parte

104 3992 241 4067 pergitur
269 3992 425 4073 intraque:
456 3991 583 4051 forsitan
612 3993 643 4053 ut
670 3989 700 4049 in
726 3986 783 4051 irae
804 3986 935 4051 lectione
956 3987 1077 4067 perdita
1096 3988 1284 4067 praepositio

101 4093 132 4152 in
156 4088 252 4151 lucem
274 4093 418 4167 emergat.
450 4110 483 4151 v.
499 4091 627 4154 Annuit.

143 4188 336 4272 monument.)
361 4191 409 4253 V:
429 4195 546 4252 monim.
597 4178 601 4187 ¹

144 4297 174 4353 in
195 4293 260 4364 dic]
291 4290 335 4354 0:
358 4294 388 4351 in
409 4294 451 4365 is,
472 4290 540 4350 i.e.
562 4291 617 4364 iio,
639 4291 672 4350 ut
692 4286 807 4364 legitur
826 4287 857 4349 in
877 4286 904 4348 B
925 4285 995 4348 edd.
1016 4302 1080 4347 roe.

144 4392 372 4461 exciderentur)
404 4387 461 4451 Ed.
486 4406 532 4468 pr.
561 4391 593 4449 et
618 4388 659 4448 Εἰ
688 4384 864 4464 excidetur,
893 4402 938 4448 sc.
960 4382 1044 4462 siglo
1065 4383 1104 4447 ed
1123 4382 1289 4447 nimime

103 4493 236 4572 umbso,
263 4508 317 4571 pro
339 4487 570 4564 exciderentur,
601 4487 682 4568 qnod
704 4486 800 4548 edidit
824 4483 891 4550 eu.
934 4480 1012 4547 Tres
1033 4480 1130 4546 eodd:
1159 4484 1288 4565 eumps-

1313 314 1390 399 125
