<?xml version="1.0" encoding="UTF-8"?>
<!DOCTYPE html PUBLIC "-//W3C//DTD XHTML 1.0 Transitional//EN"
    "http://www.w3.org/TR/xhtml1/DTD/xhtml1-transitional.dtd">
<html xmlns="http://www.w3.org/1999/xhtml" xml:lang="en" lang="en">
 <head>
  <title>
</title>
<meta http-equiv="Content-Type" content="text/html;charset=utf-8" />
  <meta name='ocr-system' content='tesseract 3.04.00' />
  <meta name='ocr-capabilities' content='ocr_page ocr_carea ocr_par ocr_line ocrx_word'/>
</head>
<body>
  <div class='ocr_page' id='page_1' title='image "./sexjuliifrontin01dedegoog_0172.png"; bbox 0 0 2978 4988; ppageno 0'>
   <div class='ocr_carea' id='block_1_1' title="bbox 438 336 1412 444">
    <p class='ocr_par' dir='ltr' id='par_1_1' title="bbox 438 336 1412 444">
     <span class='ocr_line' id='line_1_1' title="bbox 438 336 1412 444; baseline 0.011 -30"><span class='ocrx_word' id='word_1_1' title='bbox 438 336 510 414; x_wconf 86' lang='lat' dir='ltr'>nu</span> <span class='ocrx_word' id='word_1_2' title='bbox 535 336 726 444; x_wconf 79' lang='lat' dir='ltr'>Aoum</span> <span class='ocrx_word' id='word_1_3' title='bbox 751 336 1032 433; x_wconf 84' lang='lat' dir='ltr'>uuermus.</span> <span class='ocrx_word' id='word_1_4' title='bbox 1302 339 1412 428; x_wconf 73' lang='lat' dir='ltr'>raa</span> 
     </span>
    </p>
   </div>
   <div class='ocr_carea' id='block_1_2' title="bbox 67 569 1380 1367">
    <p class='ocr_par' dir='ltr' id='par_1_2' title="bbox 67 569 1380 1367">
     <span class='ocr_line' id='line_1_2' title="bbox 98 569 1281 679; baseline -0.001 -31"><span class='ocrx_word' id='word_1_5' title='bbox 98 573 329 679; x_wconf 53' lang='lat' dir='ltr'>tpiacumque⁸</span> <span class='ocrx_word' id='word_1_6' title='bbox 346 569 507 645; x_wconf 84' lang='lat' dir='ltr'>beneficii</span> <span class='ocrx_word' id='word_1_7' title='bbox 533 574 720 671; x_wconf 73' lang='lat' dir='ltr'>occasione</span> <span class='ocrx_word' id='word_1_8' title='bbox 747 570 792 645; x_wconf 90' lang='lat' dir='ltr'>ad</span> <span class='ocrx_word' id='word_1_9' title='bbox 817 570 1073 669; x_wconf 86' lang='lat' dir='ltr'>expugnandos</span> <span class='ocrx_word' id='word_1_10' title='bbox 1100 595 1164 646; x_wconf 88' lang='lat' dir='ltr'>eos</span> <span class='ocrx_word' id='word_1_11' title='bbox 1190 595 1281 647; x_wconf 88' lang='lat' dir='ltr'>nunc</span> 
     </span>
     <span class='ocr_line' id='line_1_3' title="bbox 100 676 1279 786; baseline -0.001 -24"><span class='ocrx_word' id='word_1_12' title='bbox 100 688 296 771; x_wconf 84' lang='lat' dir='ltr'>abutuntur.</span> <span class='ocrx_word' id='word_1_13' title='bbox 326 676 448 778; x_wconf 73' lang='lat' dir='ltr'>&#39;Quid</span> <span class='ocrx_word' id='word_1_14' title='bbox 478 686 583 786; x_wconf 80' lang='lat' dir='ltr'>porro‘</span> <span class='ocrx_word' id='word_1_15' title='bbox 609 688 728 786; x_wconf 81' lang='lat' dir='ltr'>fieret,</span> <span class='ocrx_word' id='word_1_16' title='bbox 763 689 796 761; x_wconf 90' lang='lat' dir='ltr'>si</span> <span class='ocrx_word' id='word_1_17' title='bbox 820 712 891 762; x_wconf 89' lang='lat' dir='ltr'>non</span> <span class='ocrx_word' id='word_1_18' title='bbox 915 688 1082 762; x_wconf 86' lang='lat' dir='ltr'>universa</span> <span class='ocrx_word' id='word_1_19' title='bbox 1107 689 1174 761; x_wconf 89' lang='lat' dir='ltr'>ista</span> <span class='ocrx_word' id='word_1_20' title='bbox 1200 688 1279 761; x_wconf 91' lang='lat' dir='ltr'>diii-</span> 
     </span>
     <span class='ocr_line' id='line_1_4' title="bbox 100 803 1281 903; baseline 0 -25"><span class='ocrx_word' id='word_1_21' title='bbox 100 805 309 903; x_wconf 83' lang='lat' dir='ltr'>gentissima</span> <span class='ocrx_word' id='word_1_22' title='bbox 345 804 429 901; x_wconf 81' lang='lat' dir='ltr'>iege</span> <span class='ocrx_word' id='word_1_23' title='bbox 465 803 733 901; x_wconf 77' lang='lat' dir='ltr'>prohiberentur</span> <span class='ocrx_word' id='word_1_24' title='bbox 769 826 952 902; x_wconf 81' lang='lat' dir='ltr'>poenaque</span> <span class='ocrx_word' id='word_1_25' title='bbox 988 827 1057 877; x_wconf 92' lang='lat' dir='ltr'>non</span> <span class='ocrx_word' id='word_1_26' title='bbox 1094 803 1281 878; x_wconf 88' lang='lat' dir='ltr'>mediocris</span> 
     </span>
     <span class='ocr_line' id='line_1_5' title="bbox 100 918 1282 1017; baseline 0.002 -23"><span class='ocrx_word' id='word_1_27' title='bbox 100 921 363 994; x_wconf 82' lang='lat' dir='ltr'>contumacibus</span> <span class='ocrx_word' id='word_1_28' title='bbox 389 921 643 993; x_wconf 62' lang='lat' dir='ltr'>intentaretur?</span> <span class='ocrx_word' id='word_1_29' title='bbox 694 918 798 1011; x_wconf 78' lang='lat' dir='ltr'>Quae</span> <span class='ocrx_word' id='word_1_30' title='bbox 823 921 1039 1017; x_wconf 75' lang='lat' dir='ltr'>subscripsi,</span> <span class='ocrx_word' id='word_1_31' title='bbox 1067 930 1148 993; x_wconf 89' lang='lat' dir='ltr'>sunt</span> <span class='ocrx_word' id='word_1_32' title='bbox 1171 923 1282 995; x_wconf 89' lang='lat' dir='ltr'>verba</span> 
     </span>
     <span class='ocr_line' id='line_1_6' title="bbox 67 1035 776 1135; baseline -0.003 -25"><span class='ocrx_word' id='word_1_33' title='bbox 67 1067 69 1073; x_wconf 95' lang='lat'>·</span> <span class='ocrx_word' id='word_1_34' title='bbox 99 1035 204 1135; x_wconf 73' lang='lat' dir='ltr'>legis,</span> <span class='ocrx_word' id='word_1_35' title='bbox 774 1086 776 1091; x_wconf 16' lang='grc' dir='ltr'><em>Α</em></span> 
     </span>
     <span class='ocr_line' id='line_1_7' title="bbox 174 1148 1380 1254; baseline 0.004 -30"><span class='ocrx_word' id='word_1_36' title='bbox 174 1150 219 1224; x_wconf 70' lang='grc' dir='ltr'>Ψ.</span> <span class='ocrx_word' id='word_1_37' title='bbox 256 1148 480 1254; x_wconf 81' lang='lat' dir='ltr'>Quintius</span> <span class='ocrx_word' id='word_1_38' title='bbox 514 1151 763 1250; x_wconf 81' lang='lat' dir='ltr'>Crispinus</span> <span class='ocrx_word' id='word_1_39' title='bbox 797 1148 904 1228; x_wconf 77' lang='lat' dir='ltr'>cos.</span> <span class='ocrx_word' id='word_1_40' title='bbox 938 1149 1149 1249; x_wconf 91' lang='lat' dir='ltr'>populum</span> <span class='ocrx_word' id='word_1_41' title='bbox 1173 1155 1280 1227; x_wconf 85' lang='lat' dir='ltr'>-iure</span> <span class='ocrx_word' id='word_1_42' title='bbox 1305 1150 1380 1228; x_wconf 77' lang='lat'>129</span> 
     </span>
     <span class='ocr_line' id='line_1_8' title="bbox 101 1255 1280 1367; baseline 0.003 -26"><span class='ocrx_word' id='word_1_43' title='bbox 101 1273 281 1366; x_wconf 82' lang='lat' dir='ltr'>rogavit</span> <span class='ocrx_word' id='word_1_44' title='bbox 323 1255 596 1366; x_wconf 87' lang='lat' dir='ltr'>populusque</span> <span class='ocrx_word' id='word_1_45' title='bbox 639 1268 732 1341; x_wconf 88' lang='lat' dir='ltr'>iure</span> <span class='ocrx_word' id='word_1_46' title='bbox 778 1267 935 1363; x_wconf 86' lang='lat' dir='ltr'>scivit,</span> <span class='ocrx_word' id='word_1_47' title='bbox 986 1273 1029 1342; x_wconf 92' lang='lat' dir='ltr'>in</span> <span class='ocrx_word' id='word_1_48' title='bbox 1070 1266 1165 1343; x_wconf 84' lang='lat' dir='ltr'>foro</span> <span class='ocrx_word' id='word_1_49' title='bbox 1204 1293 1280 1367; x_wconf 89' lang='lat' dir='ltr'>pro</span> 
     </span>
    </p>
   </div>
   <div class='ocr_carea' id='block_1_3' title="bbox 110 1485 341 1505">
    <p class='ocr_par' dir='ltr' id='par_1_3' title="bbox 110 1485 341 1505">
     <span class='ocr_line' id='line_1_9' title="bbox 110 1485 341 1505; baseline -0.009 -3"><span class='ocrx_word' id='word_1_50' title='bbox 110 1485 341 1505; x_wconf 52' lang='lat' dir='ltr'>——u-w-</span> 
     </span>
    </p>
   </div>
   <div class='ocr_carea' id='block_1_4' title="bbox 99 1614 1418 4575">
    <p class='ocr_par' dir='ltr' id='par_1_4' title="bbox 102 1614 1418 1795">
     <span class='ocr_line' id='line_1_10' title="bbox 142 1614 1418 1709; baseline 0.005 -30"><span class='ocrx_word' id='word_1_51' title='bbox 142 1617 299 1709; x_wconf 77' lang='lat' dir='ltr'>Quintius)</span> <span class='ocrx_word' id='word_1_52' title='bbox 331 1619 379 1679; x_wconf 86' lang='lat' dir='ltr'>est</span> <span class='ocrx_word' id='word_1_53' title='bbox 405 1616 514 1680; x_wconf 91' lang='lat' dir='ltr'>tamin</span> <span class='ocrx_word' id='word_1_54' title='bbox 543 1614 631 1680; x_wconf 84' lang='lat' dir='ltr'>codd.</span> <span class='ocrx_word' id='word_1_55' title='bbox 658 1632 742 1700; x_wconf 87' lang='lat' dir='ltr'>qnam</span> <span class='ocrx_word' id='word_1_56' title='bbox 765 1615 835 1681; x_wconf 85' lang='lat' dir='ltr'>cdd.</span> <span class='ocrx_word' id='word_1_57' title='bbox 858 1620 937 1698; x_wconf 81' lang='lat' dir='ltr'>vet,</span> <span class='ocrx_word' id='word_1_58' title='bbox 966 1634 1025 1680; x_wconf 89' lang='lat' dir='ltr'>non</span> <span class='ocrx_word' id='word_1_59' title='bbox 1047 1616 1221 1706; x_wconf 77' lang='lat' dir='ltr'>Quinctius,</span> <span class='ocrx_word' id='word_1_60' title='bbox 1249 1624 1283 1685; x_wconf 89' lang='lat' dir='ltr'>ut</span> <span class='ocrx_word' id='word_1_61' title='bbox 1316 1640 1365 1694; x_wconf 78' lang='lat'>129</span> <span class='ocrx_word' id='word_1_62' title='bbox 1415 1654 1418 1658; x_wconf 96' lang='lat'>·</span> 
     </span>
     <span class='ocr_line' id='line_1_11' title="bbox 102 1717 801 1795; baseline -0.001 -16"><span class='ocrx_word' id='word_1_63' title='bbox 102 1717 196 1795; x_wconf 78' lang='lat' dir='ltr'>vulgo</span> <span class='ocrx_word' id='word_1_64' title='bbox 218 1717 343 1794; x_wconf 83' lang='lat' dir='ltr'>legitur.</span> <span class='ocrx_word' id='word_1_65' title='bbox 468 1739 471 1752; x_wconf 88' lang='lat'><strong>·</strong></span> <span class='ocrx_word' id='word_1_66' title='bbox 798 1747 801 1751; x_wconf 92' lang='lat'>·</span> 
     </span>
    </p>

    <p class='ocr_par' dir='ltr' id='par_1_5' title="bbox 101 1814 1284 2189">
     <span class='ocr_line' id='line_1_12' title="bbox 142 1814 1284 1898; baseline 0.003 -20"><span class='ocrx_word' id='word_1_67' title='bbox 142 1821 173 1878; x_wconf 77' lang='lat' dir='ltr'>ia</span> <span class='ocrx_word' id='word_1_68' title='bbox 196 1816 269 1896; x_wconf 83' lang='lat' dir='ltr'>scra</span> <span class='ocrx_word' id='word_1_69' title='bbox 294 1833 353 1897; x_wconf 83' lang='lat' dir='ltr'>pre</span> <span class='ocrx_word' id='word_1_70' title='bbox 379 1819 489 1878; x_wconf 81' lang='lat' dir='ltr'>rostris</span> <span class='ocrx_word' id='word_1_71' title='bbox 517 1818 596 1888; x_wconf 83' lang='lat' dir='ltr'>etc.)</span> <span class='ocrx_word' id='word_1_72' title='bbox 627 1814 713 1879; x_wconf 80' lang='lat' dir='ltr'>GU:</span> <span class='ocrx_word' id='word_1_73' title='bbox 742 1821 773 1878; x_wconf 81' lang='lat' dir='ltr'>in</span> <span class='ocrx_word' id='word_1_74' title='bbox 786 1816 865 1896; x_wconf 75' lang='lat' dir='ltr'>&#39;forn</span> <span class='ocrx_word' id='word_1_75' title='bbox 885 1833 943 1898; x_wconf 86' lang='lat' dir='ltr'>pro</span> <span class='ocrx_word' id='word_1_76' title='bbox 964 1821 1076 1879; x_wconf 73' lang='lat' dir='ltr'>rostris</span> <span class='ocrx_word' id='word_1_77' title='bbox 1095 1816 1185 1880; x_wconf 80' lang='lat' dir='ltr'>cedia</span> <span class='ocrx_word' id='word_1_78' title='bbox 1205 1820 1284 1882; x_wconf 82' lang='lat' dir='ltr'>Divi</span> 
     </span>
     <span class='ocr_line' id='line_1_13' title="bbox 101 1912 1282 1999; baseline 0.001 -21"><span class='ocrx_word' id='word_1_79' title='bbox 101 1915 180 1978; x_wconf 83' lang='lat' dir='ltr'>Juiii</span> <span class='ocrx_word' id='word_1_80' title='bbox 202 1915 240 1977; x_wconf 89' lang='lat' dir='ltr'>P.</span> <span class='ocrx_word' id='word_1_81' title='bbox 263 1916 303 1977; x_wconf 82' lang='lat' dir='ltr'>ii.</span> <span class='ocrx_word' id='word_1_82' title='bbox 323 1913 440 1976; x_wconf 81' lang='lat' dir='ltr'>Jciias.</span> <span class='ocrx_word' id='word_1_83' title='bbox 483 1915 511 1977; x_wconf 91' lang='lat' dir='ltr'>V</span> <span class='ocrx_word' id='word_1_84' title='bbox 526 1916 566 1978; x_wconf 78' lang='lat' dir='ltr'>F:</span> <span class='ocrx_word' id='word_1_85' title='bbox 589 1921 620 1977; x_wconf 83' lang='lat' dir='ltr'>ia</span> <span class='ocrx_word' id='word_1_86' title='bbox 636 1917 710 1996; x_wconf 85' lang='lat' dir='ltr'>foro</span> <span class='ocrx_word' id='word_1_87' title='bbox 727 1949 769 1959; x_wconf 82' lang='grc'>-</span> <span class='ocrx_word' id='word_1_88' title='bbox 783 1915 863 1983; x_wconf 79' lang='lat' dir='ltr'>Jaiit</span> <span class='ocrx_word' id='word_1_89' title='bbox 881 1916 996 1997; x_wconf 81' lang='lat' dir='ltr'>populo</span> <span class='ocrx_word' id='word_1_90' title='bbox 1019 1913 1078 1997; x_wconf 66' lang='grc' dir='ltr'>(Εἰ</span> <span class='ocrx_word' id='word_1_91' title='bbox 1097 1912 1148 1999; x_wconf 79' lang='lat' dir='ltr'>p.)</span> <span class='ocrx_word' id='word_1_92' title='bbox 1171 1928 1203 1980; x_wconf 85' lang='lat' dir='ltr'>ct</span> <span class='ocrx_word' id='word_1_93' title='bbox 1221 1920 1282 1980; x_wconf 83' lang='lat' dir='ltr'>Ju-</span> 
     </span>
     <span class='ocr_line' id='line_1_14' title="bbox 102 2008 1280 2101; baseline 0.002 -25"><span class='ocrx_word' id='word_1_94' title='bbox 102 2015 172 2076; x_wconf 77' lang='lat' dir='ltr'>lius.</span> <span class='ocrx_word' id='word_1_95' title='bbox 218 2012 346 2077; x_wconf 83' lang='lat' dir='ltr'>Ceterae</span> <span class='ocrx_word' id='word_1_96' title='bbox 368 2014 441 2076; x_wconf 77' lang='lat' dir='ltr'>cdd:</span> <span class='ocrx_word' id='word_1_97' title='bbox 464 2008 585 2096; x_wconf 79' lang='lat' dir='ltr'>infore</span> <span class='ocrx_word' id='word_1_98' title='bbox 601 2046 643 2059; x_wconf 84' lang='lat'>—-</span> <span class='ocrx_word' id='word_1_99' title='bbox 658 2014 738 2077; x_wconf 79' lang='lat' dir='ltr'>Juiii</span> <span class='ocrx_word' id='word_1_100' title='bbox 756 2015 810 2098; x_wconf 76' lang='grc' dir='ltr'>ρο.</span> <span class='ocrx_word' id='word_1_101' title='bbox 825 2033 873 2076; x_wconf 89' lang='lat' dir='ltr'>rc.</span> <span class='ocrx_word' id='word_1_102' title='bbox 898 2009 942 2096; x_wconf 84' lang='lat' dir='ltr'>(i.</span> <span class='ocrx_word' id='word_1_103' title='bbox 959 2033 986 2079; x_wconf 83' lang='lat' dir='ltr'>e.</span> <span class='ocrx_word' id='word_1_104' title='bbox 1008 2015 1112 2097; x_wconf 86' lang='lat' dir='ltr'>populi</span> <span class='ocrx_word' id='word_1_105' title='bbox 1133 2016 1280 2101; x_wconf 79' lang='lat' dir='ltr'>Romani)</span> 
     </span>
     <span class='ocr_line' id='line_1_15' title="bbox 101 2112 852 2189; baseline -0.011 -13"><span class='ocrx_word' id='word_1_106' title='bbox 101 2123 132 2176; x_wconf 87' lang='lat' dir='ltr'>ct</span> <span class='ocrx_word' id='word_1_107' title='bbox 150 2112 267 2176; x_wconf 79' lang='lat' dir='ltr'>Julius.</span> <span class='ocrx_word' id='word_1_108' title='bbox 297 2132 329 2172; x_wconf 82' lang='lat' dir='ltr'>v.</span> <span class='ocrx_word' id='word_1_109' title='bbox 351 2112 487 2189; x_wconf 65' lang='lat' dir='ltr'>Annuit.&gt;</span> <span class='ocrx_word' id='word_1_110' title='bbox 850 2164 852 2168; x_wconf 87' lang='lat'>.</span> 
     </span>
    </p>

    <p class='ocr_par' dir='ltr' id='par_1_6' title="bbox 102 2196 1323 2493">
     <span class='ocr_line' id='line_1_16' title="bbox 146 2196 1281 2292; baseline 0.003 -18"><span class='ocrx_word' id='word_1_111' title='bbox 146 2212 256 2274; x_wconf 76' lang='lat' dir='ltr'>Tribus</span> <span class='ocrx_word' id='word_1_112' title='bbox 271 2196 403 2290; x_wconf 69' lang='lat' dir='ltr'>Serota)</span> <span class='ocrx_word' id='word_1_113' title='bbox 435 2210 503 2272; x_wconf 86' lang='lat' dir='ltr'>Pol.</span> <span class='ocrx_word' id='word_1_114' title='bbox 526 2214 558 2274; x_wconf 87' lang='lat' dir='ltr'>et</span> <span class='ocrx_word' id='word_1_115' title='bbox 578 2210 660 2274; x_wconf 83' lang='lat' dir='ltr'>Scir:</span> <span class='ocrx_word' id='word_1_116' title='bbox 686 2210 791 2274; x_wconf 77' lang='lat' dir='ltr'>Tribui</span> <span class='ocrx_word' id='word_1_117' title='bbox 810 2211 949 2292; x_wconf 76' lang='lat' dir='ltr'>Seryice.</span> <span class='ocrx_word' id='word_1_118' title='bbox 979 2208 1042 2273; x_wconf 84' lang='lat' dir='ltr'>Sed</span> <span class='ocrx_word' id='word_1_119' title='bbox 1064 2211 1136 2275; x_wconf 89' lang='lat' dir='ltr'>UV</span> <span class='ocrx_word' id='word_1_120' title='bbox 1157 2217 1189 2277; x_wconf 89' lang='lat' dir='ltr'>et</span> <span class='ocrx_word' id='word_1_121' title='bbox 1209 2216 1281 2277; x_wconf 85' lang='lat' dir='ltr'>edd.</span> 
     </span>
     <span class='ocr_line' id='line_1_17' title="bbox 102 2307 1281 2394; baseline 0.001 -22"><span class='ocrx_word' id='word_1_122' title='bbox 102 2331 176 2394; x_wconf 86' lang='lat' dir='ltr'>quas</span> <span class='ocrx_word' id='word_1_123' title='bbox 197 2311 292 2374; x_wconf 87' lang='lat' dir='ltr'>novi:</span> <span class='ocrx_word' id='word_1_124' title='bbox 318 2310 424 2372; x_wconf 76' lang='lat' dir='ltr'>Tridui</span> <span class='ocrx_word' id='word_1_125' title='bbox 443 2310 564 2390; x_wconf 79' lang='lat' dir='ltr'>Serpiu.</span> <span class='ocrx_word' id='word_1_126' title='bbox 591 2311 717 2392; x_wconf 83' lang='lat' dir='ltr'>denique</span> <span class='ocrx_word' id='word_1_127' title='bbox 740 2312 870 2392; x_wconf 86' lang='lat' dir='ltr'>optimus</span> <span class='ocrx_word' id='word_1_128' title='bbox 893 2307 936 2372; x_wconf 79' lang='lat' dir='ltr'>G:</span> <span class='ocrx_word' id='word_1_129' title='bbox 962 2310 1071 2373; x_wconf 73' lang='lat' dir='ltr'>Tribus</span> <span class='ocrx_word' id='word_1_130' title='bbox 1091 2311 1213 2392; x_wconf 63' lang='lat' dir='ltr'>Sepia.</span> <span class='ocrx_word' id='word_1_131' title='bbox 1234 2314 1281 2376; x_wconf 91' lang='lat' dir='ltr'>cui</span> 
     </span>
     <span class='ocr_line' id='line_1_18' title="bbox 102 2408 1323 2493; baseline 0.002 -22"><span class='ocrx_word' id='word_1_132' title='bbox 102 2409 223 2474; x_wconf 86' lang='lat' dir='ltr'>lectioni</span> <span class='ocrx_word' id='word_1_133' title='bbox 245 2410 467 2490; x_wconf 81' lang='lat' dir='ltr'>patrocinantur</span> <span class='ocrx_word' id='word_1_134' title='bbox 486 2410 624 2471; x_wconf 89' lang='lat' dir='ltr'>Brisscn.</span> <span class='ocrx_word' id='word_1_135' title='bbox 648 2411 781 2472; x_wconf 84' lang='lat' dir='ltr'>Gronov.</span> <span class='ocrx_word' id='word_1_136' title='bbox 800 2413 830 2470; x_wconf 91' lang='lat' dir='ltr'>et</span> <span class='ocrx_word' id='word_1_137' title='bbox 847 2408 965 2485; x_wconf 78' lang='lat' dir='ltr'>Scaiig.</span> <span class='ocrx_word' id='word_1_138' title='bbox 993 2408 1180 2473; x_wconf 74' lang='lat' dir='ltr'>Gidunctt.</span> <span class='ocrx_word' id='word_1_139' title='bbox 1320 2488 1323 2493; x_wconf 25' lang='grc' dir='ltr'>Ι</span> 
     </span>
    </p>

    <p class='ocr_par' dir='ltr' id='par_1_7' title="bbox 101 2507 1278 2689">
     <span class='ocr_line' id='line_1_19' title="bbox 143 2507 1278 2590; baseline -0.001 -18"><span class='ocrx_word' id='word_1_140' title='bbox 143 2510 205 2572; x_wconf 85' lang='lat' dir='ltr'>Pro</span> <span class='ocrx_word' id='word_1_141' title='bbox 228 2508 322 2582; x_wconf 78' lang='lat' dir='ltr'>tribu)</span> <span class='ocrx_word' id='word_1_142' title='bbox 344 2507 422 2568; x_wconf 81' lang='lat' dir='ltr'>Tres</span> <span class='ocrx_word' id='word_1_143' title='bbox 444 2509 539 2574; x_wconf 77' lang='lat' dir='ltr'>codd:</span> <span class='ocrx_word' id='word_1_144' title='bbox 562 2508 667 2570; x_wconf 83' lang='lat' dir='ltr'>tribas.</span> <span class='ocrx_word' id='word_1_145' title='bbox 690 2508 821 2570; x_wconf 88' lang='lat' dir='ltr'>nimirum</span> <span class='ocrx_word' id='word_1_146' title='bbox 839 2525 969 2590; x_wconf 85' lang='lat' dir='ltr'>sequens</span> <span class='ocrx_word' id='word_1_147' title='bbox 986 2508 1020 2571; x_wconf 79' lang='lat' dir='ltr'>S.</span> <span class='ocrx_word' id='word_1_148' title='bbox 1038 2526 1129 2573; x_wconf 74' lang='lat' dir='ltr'>causa</span> <span class='ocrx_word' id='word_1_149' title='bbox 1145 2513 1192 2572; x_wconf 84' lang='lat' dir='ltr'>est</span> <span class='ocrx_word' id='word_1_150' title='bbox 1208 2529 1278 2571; x_wconf 90' lang='lat' dir='ltr'>ccr-</span> 
     </span>
     <span class='ocr_line' id='line_1_20' title="bbox 101 2605 789 2689; baseline -0.001 -19"><span class='ocrx_word' id='word_1_151' title='bbox 101 2609 257 2689; x_wconf 85' lang='lat' dir='ltr'>ruptionis.</span> <span class='ocrx_word' id='word_1_152' title='bbox 285 2606 370 2671; x_wconf 77' lang='lat' dir='ltr'>VF:</span> <span class='ocrx_word' id='word_1_153' title='bbox 393 2606 488 2673; x_wconf 72' lang='lat' dir='ltr'>mim</span> <span class='ocrx_word' id='word_1_154' title='bbox 512 2606 564 2670; x_wconf 84' lang='lat' dir='ltr'>VI.</span> <span class='ocrx_word' id='word_1_155' title='bbox 592 2605 641 2670; x_wconf 79' lang='lat' dir='ltr'>Cf.</span> <span class='ocrx_word' id='word_1_156' title='bbox 662 2608 789 2669; x_wconf 73' lang='lat' dir='ltr'>Annott.</span> 
     </span>
    </p>

    <p class='ocr_par' dir='ltr' id='par_1_8' title="bbox 101 2703 1281 3186">
     <span class='ocr_line' id='line_1_21' title="bbox 142 2703 1279 2790; baseline 0.003 -21"><span class='ocrx_word' id='word_1_157' title='bbox 142 2726 270 2790; x_wconf 73' lang='lat' dir='ltr'>specus,</span> <span class='ocrx_word' id='word_1_158' title='bbox 295 2707 395 2787; x_wconf 79' lang='lat' dir='ltr'>forn.)</span> <span class='ocrx_word' id='word_1_159' title='bbox 430 2705 505 2768; x_wconf 84' lang='lat' dir='ltr'>Scir.</span> <span class='ocrx_word' id='word_1_160' title='bbox 533 2707 658 2769; x_wconf 82' lang='lat' dir='ltr'>inserit:</span> <span class='ocrx_word' id='word_1_161' title='bbox 685 2724 802 2783; x_wconf 83' lang='lat' dir='ltr'>muros,</span> <span class='ocrx_word' id='word_1_162' title='bbox 828 2705 950 2787; x_wconf 73' lang='lat' dir='ltr'>fontes,</span> <span class='ocrx_word' id='word_1_163' title='bbox 973 2703 1023 2769; x_wconf 87' lang='lat' dir='ltr'>iric</span> <span class='ocrx_word' id='word_1_164' title='bbox 1051 2709 1083 2770; x_wconf 85' lang='lat' dir='ltr'>ei</span> <span class='ocrx_word' id='word_1_165' title='bbox 1109 2708 1201 2787; x_wconf 82' lang='lat' dir='ltr'>inira,</span> <span class='ocrx_word' id='word_1_166' title='bbox 1228 2710 1279 2772; x_wconf 88' lang='lat' dir='ltr'>ubi</span> 
     </span>
     <span class='ocr_line' id='line_1_22' title="bbox 102 2804 1281 2890; baseline 0.001 -20"><span class='ocrx_word' id='word_1_167' title='bbox 102 2809 204 2870; x_wconf 88' lang='lat' dir='ltr'>eadem</span> <span class='ocrx_word' id='word_1_168' title='bbox 226 2807 377 2884; x_wconf 79' lang='lat' dir='ltr'>leguntur.</span> <span class='ocrx_word' id='word_1_169' title='bbox 408 2804 552 2868; x_wconf 86' lang='lat' dir='ltr'>idem-ex</span> <span class='ocrx_word' id='word_1_170' title='bbox 573 2806 720 2868; x_wconf 84' lang='lat' dir='ltr'>simillimo</span> <span class='ocrx_word' id='word_1_171' title='bbox 742 2804 810 2867; x_wconf 87' lang='lat' dir='ltr'>icco</span> <span class='ocrx_word' id='word_1_172' title='bbox 833 2807 908 2868; x_wconf 87' lang='lat' dir='ltr'>inira</span> <span class='ocrx_word' id='word_1_173' title='bbox 929 2808 1066 2890; x_wconf 82' lang='lat' dir='ltr'>sequenti</span> <span class='ocrx_word' id='word_1_174' title='bbox 1087 2814 1160 2887; x_wconf 89' lang='lat' dir='ltr'>post</span> <span class='ocrx_word' id='word_1_175' title='bbox 1180 2809 1281 2873; x_wconf 78' lang='lat' dir='ltr'>urbem</span> 
     </span>
     <span class='ocr_line' id='line_1_23' title="bbox 101 2905 1280 2992; baseline 0.003 -24"><span class='ocrx_word' id='word_1_176' title='bbox 101 2907 184 2968; x_wconf 84' lang='lat' dir='ltr'>addit</span> <span class='ocrx_word' id='word_1_177' title='bbox 208 2905 349 2984; x_wconf 82' lang='lat' dir='ltr'>Romam,</span> <span class='ocrx_word' id='word_1_178' title='bbox 379 2908 410 2967; x_wconf 91' lang='lat' dir='ltr'>ct</span> <span class='ocrx_word' id='word_1_179' title='bbox 435 2909 507 2986; x_wconf 86' lang='lat' dir='ltr'>post</span> <span class='ocrx_word' id='word_1_180' title='bbox 532 2905 681 2967; x_wconf 81' lang='lat' dir='ltr'>ducuntur</span> <span class='ocrx_word' id='word_1_181' title='bbox 705 2906 786 2968; x_wconf 83' lang='lat' dir='ltr'>addit</span> <span class='ocrx_word' id='word_1_182' title='bbox 811 2915 843 2969; x_wconf 83' lang='lat' dir='ltr'>et</span> <span class='ocrx_word' id='word_1_183' title='bbox 867 2907 1031 2970; x_wconf 80' lang='lat' dir='ltr'>ducentur:</span> <span class='ocrx_word' id='word_1_184' title='bbox 1060 2907 1190 2970; x_wconf 80' lang='lat' dir='ltr'>sortasse</span> <span class='ocrx_word' id='word_1_185' title='bbox 1210 2913 1280 2992; x_wconf 87' lang='lat' dir='ltr'>quia</span> 
     </span>
     <span class='ocr_line' id='line_1_24' title="bbox 103 3004 1280 3088; baseline 0.003 -21"><span class='ocrx_word' id='word_1_186' title='bbox 103 3006 132 3067; x_wconf 91' lang='lat' dir='ltr'>in</span> <span class='ocrx_word' id='word_1_187' title='bbox 158 3005 177 3066; x_wconf 86' lang='lat' dir='ltr'>J</span> <span class='ocrx_word' id='word_1_188' title='bbox 205 3009 237 3066; x_wconf 87' lang='lat' dir='ltr'>ct</span> <span class='ocrx_word' id='word_1_189' title='bbox 262 3022 324 3068; x_wconf 76' lang='lat' dir='ltr'>rec.</span> <span class='ocrx_word' id='word_1_190' title='bbox 371 3009 442 3085; x_wconf 88' lang='lat' dir='ltr'>post</span> <span class='ocrx_word' id='word_1_191' title='bbox 469 3005 619 3067; x_wconf 82' lang='lat' dir='ltr'>ducuntur</span> <span class='ocrx_word' id='word_1_192' title='bbox 643 3004 739 3067; x_wconf 87' lang='lat' dir='ltr'>iocum&#39;</span> <span class='ocrx_word' id='word_1_193' title='bbox 766 3005 974 3088; x_wconf 86' lang='lat' dir='ltr'>interpolatum</span> <span class='ocrx_word' id='word_1_194' title='bbox 1001 3007 1117 3070; x_wconf 86' lang='lat' dir='ltr'>invenit</span> <span class='ocrx_word' id='word_1_195' title='bbox 1143 3007 1222 3070; x_wconf 87' lang='lat' dir='ltr'>bunc</span> <span class='ocrx_word' id='word_1_196' title='bbox 1250 3010 1280 3071; x_wconf 89' lang='lat' dir='ltr'>in</span> 
     </span>
     <span class='ocr_line' id='line_1_25' title="bbox 102 3102 808 3186; baseline 0 -21"><span class='ocrx_word' id='word_1_197' title='bbox 102 3105 235 3168; x_wconf 65' lang='lat' dir='ltr'>niodum}</span> <span class='ocrx_word' id='word_1_198' title='bbox 250 3102 407 3166; x_wconf 75' lang='lat' dir='ltr'>ducuntur</span> <span class='ocrx_word' id='word_1_199' title='bbox 427 3121 569 3166; x_wconf 84' lang='lat' dir='ltr'>earumve</span> <span class='ocrx_word' id='word_1_200' title='bbox 588 3122 676 3186; x_wconf 66' lang='lat' dir='ltr'>mam</span> <span class='ocrx_word' id='word_1_201' title='bbox 696 3107 808 3167; x_wconf 82' lang='lat' dir='ltr'>scieas.</span> 
     </span>
    </p>

    <p class='ocr_par' dir='ltr' id='par_1_9' title="bbox 102 3201 1281 3366">
     <span class='ocr_line' id='line_1_26' title="bbox 141 3201 1281 3281; baseline 0.004 -17"><span class='ocrx_word' id='word_1_202' title='bbox 141 3203 284 3277; x_wconf 70' lang='lat' dir='ltr'>tubulos}</span> <span class='ocrx_word' id='word_1_203' title='bbox 300 3202 357 3263; x_wconf 93' lang='lat' dir='ltr'>Hic</span> <span class='ocrx_word' id='word_1_204' title='bbox 379 3206 410 3264; x_wconf 88' lang='lat' dir='ltr'>et</span> <span class='ocrx_word' id='word_1_205' title='bbox 429 3203 505 3264; x_wconf 84' lang='lat' dir='ltr'>inira</span> <span class='ocrx_word' id='word_1_206' title='bbox 526 3201 656 3264; x_wconf 87' lang='lat' dir='ltr'>nonnulii</span> <span class='ocrx_word' id='word_1_207' title='bbox 677 3201 901 3281; x_wconf 66' lang='lat' dir='ltr'>limitandas,</span> <span class='ocrx_word' id='word_1_208' title='bbox 922 3203 973 3265; x_wconf 85' lang='lat' dir='ltr'>aiii</span> <span class='ocrx_word' id='word_1_209' title='bbox 994 3205 1170 3266; x_wconf 87' lang='lat' dir='ltr'>vccabulum</span> <span class='ocrx_word' id='word_1_210' title='bbox 1189 3207 1281 3268; x_wconf 87' lang='lat' dir='ltr'>ornit-</span> 
     </span>
     <span class='ocr_line' id='line_1_27' title="bbox 102 3306 177 3366; baseline -0.027 0"><span class='ocrx_word' id='word_1_211' title='bbox 102 3306 177 3366; x_wconf 87' lang='lat' dir='ltr'>tunt.</span> 
     </span>
    </p>

    <p class='ocr_par' dir='ltr' id='par_1_10' title="bbox 101 3401 1279 3661">
     <span class='ocr_line' id='line_1_28' title="bbox 140 3401 1279 3483; baseline 0.003 -20"><span class='ocrx_word' id='word_1_212' title='bbox 140 3401 293 3483; x_wconf 79' lang='lat' dir='ltr'>seranda)</span> <span class='ocrx_word' id='word_1_213' title='bbox 321 3401 405 3464; x_wconf 78' lang='lat' dir='ltr'>iidd:</span> <span class='ocrx_word' id='word_1_214' title='bbox 426 3402 535 3482; x_wconf 80' lang='lat' dir='ltr'>forare</span> <span class='ocrx_word' id='word_1_215' title='bbox 555 3407 928 3483; x_wconf 69' lang='lat' dir='ltr'>rumperem-curaverit.</span> <span class='ocrx_word' id='word_1_216' title='bbox 969 3402 1018 3465; x_wconf 88' lang='lat' dir='ltr'>De</span> <span class='ocrx_word' id='word_1_217' title='bbox 1040 3401 1186 3467; x_wconf 78' lang='lat' dir='ltr'>infinitivo</span> <span class='ocrx_word' id='word_1_218' title='bbox 1207 3407 1279 3483; x_wconf 81' lang='lat' dir='ltr'>posi</span> 
     </span>
     <span class='ocr_line' id='line_1_29' title="bbox 102 3499 1279 3582; baseline 0.002 -20"><span class='ocrx_word' id='word_1_219' title='bbox 102 3499 224 3562; x_wconf 83' lang='lat' dir='ltr'>verbum</span> <span class='ocrx_word' id='word_1_220' title='bbox 253 3520 363 3562; x_wconf 84' lang='lat' dir='ltr'>curare</span> <span class='ocrx_word' id='word_1_221' title='bbox 388 3521 419 3561; x_wconf 88' lang='lat' dir='ltr'>v.</span> <span class='ocrx_word' id='word_1_222' title='bbox 445 3501 481 3560; x_wconf 83' lang='lat' dir='ltr'>ad</span> <span class='ocrx_word' id='word_1_223' title='bbox 507 3500 577 3564; x_wconf 85' lang='lat' dir='ltr'>Art.</span> <span class='ocrx_word' id='word_1_224' title='bbox 596 3503 645 3562; x_wconf 89' lang='lat' dir='ltr'>li.</span> <span class='ocrx_word' id='word_1_225' title='bbox 688 3500 751 3562; x_wconf 81' lang='lat' dir='ltr'>Sed</span> <span class='ocrx_word' id='word_1_226' title='bbox 774 3502 861 3564; x_wconf 75' lang='lat' dir='ltr'>codd.</span> <span class='ocrx_word' id='word_1_227' title='bbox 883 3503 1046 3566; x_wconf 84' lang='lat' dir='ltr'>auctoritas</span> <span class='ocrx_word' id='word_1_228' title='bbox 1067 3502 1168 3582; x_wconf 86' lang='lat' dir='ltr'>potior</span> <span class='ocrx_word' id='word_1_229' title='bbox 1188 3503 1279 3564; x_wconf 86' lang='lat' dir='ltr'>vide-</span> 
     </span>
     <span class='ocr_line' id='line_1_30' title="bbox 101 3597 822 3661; baseline 0.003 0"><span class='ocrx_word' id='word_1_230' title='bbox 101 3597 198 3661; x_wconf 84' lang='lat' dir='ltr'>batur.</span> <span class='ocrx_word' id='word_1_231' title='bbox 817 3617 822 3631; x_wconf 87' lang='lat'><strong>·</strong></span> 
     </span>
    </p>

    <p class='ocr_par' dir='ltr' id='par_1_11' title="bbox 101 3697 1279 3979">
     <span class='ocr_line' id='line_1_31' title="bbox 139 3697 1279 3782; baseline 0.004 -24"><span class='ocrx_word' id='word_1_232' title='bbox 139 3703 304 3779; x_wconf 82' lang='lat' dir='ltr'>peiorave)</span> <span class='ocrx_word' id='word_1_233' title='bbox 333 3697 505 3760; x_wconf 74' lang='lat' dir='ltr'>Emendatio</span> <span class='ocrx_word' id='word_1_234' title='bbox 527 3697 600 3762; x_wconf 86' lang='lat' dir='ltr'>Scir.</span> <span class='ocrx_word' id='word_1_235' title='bbox 623 3702 687 3776; x_wconf 84' lang='lat' dir='ltr'>est,</span> <span class='ocrx_word' id='word_1_236' title='bbox 711 3699 825 3762; x_wconf 88' lang='lat' dir='ltr'>omnino</span> <span class='ocrx_word' id='word_1_237' title='bbox 848 3699 1033 3778; x_wconf 83' lang='lat' dir='ltr'>necessaria3</span> <span class='ocrx_word' id='word_1_238' title='bbox 1056 3717 1140 3782; x_wconf 83' lang='lat' dir='ltr'>quam</span> <span class='ocrx_word' id='word_1_239' title='bbox 1161 3700 1279 3781; x_wconf 90' lang='lat' dir='ltr'>ampie-</span> 
     </span>
     <span class='ocr_line' id='line_1_32' title="bbox 102 3793 1279 3880; baseline 0.005 -24"><span class='ocrx_word' id='word_1_240' title='bbox 102 3793 158 3856; x_wconf 70' lang='lat' dir='ltr'>x&#39;us</span> <span class='ocrx_word' id='word_1_241' title='bbox 181 3802 229 3857; x_wconf 86' lang='lat' dir='ltr'>est</span> <span class='ocrx_word' id='word_1_242' title='bbox 249 3798 354 3858; x_wconf 84' lang='lat' dir='ltr'>ileinr.</span> <span class='ocrx_word' id='word_1_243' title='bbox 397 3799 551 3859; x_wconf 81' lang='lat' dir='ltr'>Librorum</span> <span class='ocrx_word' id='word_1_244' title='bbox 573 3799 666 3860; x_wconf 84' lang='lat' dir='ltr'>iactio</span> <span class='ocrx_word' id='word_1_245' title='bbox 686 3797 831 3880; x_wconf 66' lang='lat' dir='ltr'>peiorave</span> <span class='ocrx_word' id='word_1_246' title='bbox 852 3803 990 3880; x_wconf 86' lang='lat' dir='ltr'>corrupta</span> <span class='ocrx_word' id='word_1_247' title='bbox 1011 3802 1078 3878; x_wconf 81' lang='lat' dir='ltr'>est3</span> <span class='ocrx_word' id='word_1_248' title='bbox 1101 3818 1159 3880; x_wconf 82' lang='lat' dir='ltr'>quc</span> <span class='ocrx_word' id='word_1_249' title='bbox 1182 3801 1279 3878; x_wconf 80' lang='lat' dir='ltr'>magis</span> 
     </span>
     <span class='ocr_line' id='line_1_33' title="bbox 101 3882 1006 3979; baseline 0.008 -25"><span class='ocrx_word' id='word_1_250' title='bbox 101 3897 205 3974; x_wconf 89' lang='lat' dir='ltr'>miror,</span> <span class='ocrx_word' id='word_1_251' title='bbox 229 3895 295 3956; x_wconf 85' lang='lat' dir='ltr'>Pci.</span> <span class='ocrx_word' id='word_1_252' title='bbox 319 3897 450 3958; x_wconf 76' lang='lat' dir='ltr'>edidisse</span> <span class='ocrx_word' id='word_1_253' title='bbox 470 3900 654 3979; x_wconf 79' lang='lat' dir='ltr'>peioremve.</span> <span class='ocrx_word' id='word_1_254' title='bbox 1001 3882 1006 3891; x_wconf 33' lang='grc' dir='ltr'>Ι</span> 
     </span>
    </p>

    <p class='ocr_par' dir='ltr' id='par_1_12' title="bbox 99 3979 1281 4575">
     <span class='ocr_line' id='line_1_34' title="bbox 140 3979 1279 4082; baseline 0.006 -28"><span class='ocrx_word' id='word_1_255' title='bbox 140 4015 197 4055; x_wconf 83' lang='lat' dir='ltr'>cce</span> <span class='ocrx_word' id='word_1_256' title='bbox 222 4015 271 4076; x_wconf 79' lang='lat' dir='ltr'>aq.</span> <span class='ocrx_word' id='word_1_257' title='bbox 299 4014 439 4056; x_wconf 81' lang='lat' dir='ltr'>carumve</span> <span class='ocrx_word' id='word_1_258' title='bbox 464 4003 588 4079; x_wconf 84' lang='lat' dir='ltr'>quucp.)</span> <span class='ocrx_word' id='word_1_259' title='bbox 619 3997 693 4059; x_wconf 82' lang='lat' dir='ltr'>Post</span> <span class='ocrx_word' id='word_1_260' title='bbox 720 3996 785 4059; x_wconf 72' lang='lat'>1³01.</span> <span class='ocrx_word' id='word_1_261' title='bbox 816 3998 913 4059; x_wconf 89' lang='lat' dir='ltr'>editur</span> <span class='ocrx_word' id='word_1_262' title='bbox 939 4016 995 4061; x_wconf 82' lang='lat' dir='ltr'>eae</span> <span class='ocrx_word' id='word_1_263' title='bbox 1016 3979 1117 4082; x_wconf 62' lang='lat' dir='ltr'>aquito</span> <span class='ocrx_word' id='word_1_264' title='bbox 1138 4004 1279 4062; x_wconf 75' lang='lat' dir='ltr'>earumve</span> 
     </span>
     <span class='ocr_line' id='line_1_35' title="bbox 100 4089 1279 4182; baseline 0.007 -29"><span class='ocrx_word' id='word_1_265' title='bbox 100 4111 161 4174; x_wconf 82' lang='lat' dir='ltr'>pua</span> <span class='ocrx_word' id='word_1_266' title='bbox 191 4089 433 4177; x_wconf 70' lang='lat' dir='ltr'>(declinus).</span> <span class='ocrx_word' id='word_1_267' title='bbox 476 4095 656 4160; x_wconf 85' lang='lat' dir='ltr'>Sedvideo</span> <span class='ocrx_word' id='word_1_268' title='bbox 687 4098 717 4158; x_wconf 91' lang='lat' dir='ltr'>in</span> <span class='ocrx_word' id='word_1_269' title='bbox 744 4095 788 4160; x_wconf 84' lang='lat' dir='ltr'>C:</span> <span class='ocrx_word' id='word_1_270' title='bbox 820 4117 859 4159; x_wconf 82' lang='lat' dir='ltr'>ea</span> <span class='ocrx_word' id='word_1_271' title='bbox 879 4117 918 4159; x_wconf 86' lang='lat' dir='ltr'>ca</span> <span class='ocrx_word' id='word_1_272' title='bbox 939 4118 998 4182; x_wconf 82' lang='lat' dir='ltr'>pua</span> <span class='ocrx_word' id='word_1_273' title='bbox 1018 4117 1036 4160; x_wconf 85' lang='lat' dir='ltr'>c</span> <span class='ocrx_word' id='word_1_274' title='bbox 1056 4113 1182 4161; x_wconf 82' lang='lat' dir='ltr'>arumco</span> <span class='ocrx_word' id='word_1_275' title='bbox 1201 4118 1279 4182; x_wconf 79' lang='lat' dir='ltr'>puae</span> 
     </span>
     <span class='ocr_line' id='line_1_36' title="bbox 100 4193 1279 4279; baseline 0.006 -26"><span class='ocrx_word' id='word_1_276' title='bbox 100 4211 171 4272; x_wconf 80' lang='lat' dir='ltr'>pua.</span> <span class='ocrx_word' id='word_1_277' title='bbox 215 4193 359 4279; x_wconf 76' lang='lat' dir='ltr'>Quoniam</span> <span class='ocrx_word' id='word_1_278' title='bbox 383 4194 489 4255; x_wconf 88' lang='lat' dir='ltr'>deinde</span> <span class='ocrx_word' id='word_1_279' title='bbox 511 4194 633 4256; x_wconf 86' lang='lat' dir='ltr'>altemm</span> <span class='ocrx_word' id='word_1_280' title='bbox 655 4213 693 4256; x_wconf 86' lang='lat' dir='ltr'>ca</span> <span class='ocrx_word' id='word_1_281' title='bbox 715 4195 890 4277; x_wconf 72' lang='lat' dir='ltr'>superfluum</span> <span class='ocrx_word' id='word_1_282' title='bbox 914 4215 982 4259; x_wconf 86' lang='lat' dir='ltr'>csse</span> <span class='ocrx_word' id='word_1_283' title='bbox 1004 4197 1179 4276; x_wconf 82' lang='lat' dir='ltr'>ridebatur,</span> <span class='ocrx_word' id='word_1_284' title='bbox 1200 4197 1279 4260; x_wconf 91' lang='lat' dir='ltr'>inU</span> 
     </span>
     <span class='ocr_line' id='line_1_37' title="bbox 100 4289 1278 4378; baseline 0.004 -27"><span class='ocrx_word' id='word_1_285' title='bbox 100 4289 130 4351; x_wconf 86' lang='lat' dir='ltr'>V</span> <span class='ocrx_word' id='word_1_286' title='bbox 151 4293 297 4354; x_wconf 84' lang='lat' dir='ltr'>manavit:</span> <span class='ocrx_word' id='word_1_287' title='bbox 319 4313 357 4355; x_wconf 85' lang='lat' dir='ltr'>ca</span> <span class='ocrx_word' id='word_1_288' title='bbox 379 4313 439 4375; x_wconf 79' lang='lat' dir='ltr'>pua</span> <span class='ocrx_word' id='word_1_289' title='bbox 460 4313 600 4355; x_wconf 83' lang='lat' dir='ltr'>earumve</span> <span class='ocrx_word' id='word_1_290' title='bbox 621 4313 699 4376; x_wconf 82' lang='lat' dir='ltr'>puae</span> <span class='ocrx_word' id='word_1_291' title='bbox 720 4314 788 4377; x_wconf 81' lang='lat' dir='ltr'>qua.</span> <span class='ocrx_word' id='word_1_292' title='bbox 819 4294 885 4358; x_wconf 83' lang='lat' dir='ltr'>Alii</span> <span class='ocrx_word' id='word_1_293' title='bbox 906 4314 1010 4357; x_wconf 85' lang='lat' dir='ltr'>rursus</span> <span class='ocrx_word' id='word_1_294' title='bbox 1032 4297 1159 4356; x_wconf 85' lang='lat' dir='ltr'>omisere</span> <span class='ocrx_word' id='word_1_295' title='bbox 1181 4315 1278 4378; x_wconf 67' lang='lat' dir='ltr'>qam</span> 
     </span>
     <span class='ocr_line' id='line_1_38' title="bbox 101 4389 1277 4476; baseline 0.001 -27"><span class='ocrx_word' id='word_1_296' title='bbox 101 4391 177 4451; x_wconf 86' lang='lat' dir='ltr'>unde</span> <span class='ocrx_word' id='word_1_297' title='bbox 206 4392 237 4452; x_wconf 92' lang='lat' dir='ltr'>in</span> <span class='ocrx_word' id='word_1_298' title='bbox 264 4389 335 4453; x_wconf 87' lang='lat' dir='ltr'>Jet</span> <span class='ocrx_word' id='word_1_299' title='bbox 356 4411 417 4453; x_wconf 87' lang='lat' dir='ltr'>rec.</span> <span class='ocrx_word' id='word_1_300' title='bbox 444 4390 538 4454; x_wconf 86' lang='lat' dir='ltr'>abiit:</span> <span class='ocrx_word' id='word_1_301' title='bbox 569 4409 608 4454; x_wconf 83' lang='lat' dir='ltr'>ea</span> <span class='ocrx_word' id='word_1_302' title='bbox 634 4412 693 4475; x_wconf 80' lang='lat' dir='ltr'>pua</span> <span class='ocrx_word' id='word_1_303' title='bbox 721 4413 861 4456; x_wconf 82' lang='lat' dir='ltr'>carumve</span> <span class='ocrx_word' id='word_1_304' title='bbox 888 4413 958 4476; x_wconf 80' lang='lat' dir='ltr'>qua.</span> <span class='ocrx_word' id='word_1_305' title='bbox 1001 4393 1102 4457; x_wconf 85' lang='lat' dir='ltr'>Aiitcr</span> <span class='ocrx_word' id='word_1_306' title='bbox 1123 4395 1211 4455; x_wconf 88' lang='lat' dir='ltr'>ctiam</span> <span class='ocrx_word' id='word_1_307' title='bbox 1234 4393 1277 4456; x_wconf 80' lang='lat' dir='ltr'>Or</span> 
     </span>
     <span class='ocr_line' id='line_1_39' title="bbox 99 4491 1281 4575; baseline 0.005 -27"><span class='ocrx_word' id='word_1_308' title='bbox 99 4507 138 4551; x_wconf 83' lang='lat' dir='ltr'>ca</span> <span class='ocrx_word' id='word_1_309' title='bbox 159 4509 220 4570; x_wconf 80' lang='lat' dir='ltr'>qua</span> <span class='ocrx_word' id='word_1_310' title='bbox 241 4508 379 4552; x_wconf 81' lang='lat' dir='ltr'>earumce</span> <span class='ocrx_word' id='word_1_311' title='bbox 400 4510 510 4573; x_wconf 80' lang='lat' dir='ltr'>aquae.</span> <span class='ocrx_word' id='word_1_312' title='bbox 533 4495 564 4551; x_wconf 88' lang='lat' dir='ltr'>et</span> <span class='ocrx_word' id='word_1_313' title='bbox 584 4491 624 4556; x_wconf 81' lang='lat' dir='ltr'>F:</span> <span class='ocrx_word' id='word_1_314' title='bbox 648 4511 686 4553; x_wconf 76' lang='lat' dir='ltr'>aa</span> <span class='ocrx_word' id='word_1_315' title='bbox 707 4509 816 4574; x_wconf 75' lang='lat' dir='ltr'>aquam</span> <span class='ocrx_word' id='word_1_316' title='bbox 836 4511 977 4556; x_wconf 82' lang='lat' dir='ltr'>earumve</span> <span class='ocrx_word' id='word_1_317' title='bbox 992 4510 1111 4575; x_wconf 79' lang='lat' dir='ltr'>apuam.</span> <span class='ocrx_word' id='word_1_318' title='bbox 1140 4492 1281 4558; x_wconf 84' lang='lat' dir='ltr'>Redimus</span> 
     </span>
    </p>
   </div>
   <div class='ocr_carea' id='block_1_5' title="bbox 1040 4591 1073 4663">
    <p class='ocr_par' dir='ltr' id='par_1_13' title="bbox 1040 4591 1073 4663">
     <span class='ocr_line' id='line_1_40' title="bbox 1040 4591 1073 4663; baseline 0 0"><span class='ocrx_word' id='word_1_319' title='bbox 1040 4591 1073 4663; x_wconf 73' lang='lat'>⁰</span> 
     </span>
    </p>
   </div>
   <div class='ocr_carea' id='block_1_6' title="bbox 0 0 1494 4988">
    <p class='ocr_par' dir='ltr' id='par_1_14' title="bbox 0 0 1494 4988">
     <span class='ocr_line' id='line_1_41' title="bbox 0 0 1494 4988; baseline 0 0"><span class='ocrx_word' id='word_1_320' title='bbox 0 0 1494 4988; x_wconf 95' lang='lat' dir='ltr'> </span> 
     </span>
    </p>
   </div>
  </div>
 </body>
</html>
