2978 4988
520 306 957 393 nunornrrouus,
1292 316 1383 389 mr
1424 409 1426 412 4

181 550 213 607 ia
233 579 274 588 -
296 547 533 606 commentorium
565 545 706 623 contuli)
751 545 863 607 diadem
891 546 1016 609 ionuula
1043 546 1175 610 Frontin.
1210 549 1246 609 de
1275 547 1383 613 Colon.
1419 602 1424 613 .

100 661 129 722 in
151 659 278 740 Scriptt.
299 660 343 722 rei
364 678 463 738 agrar.
485 678 516 739 p.
534 666 593 722 109
615 665 646 724 et
664 665 722 723 142
743 661 791 723 ed.
809 659 901 723 Goes.
1418 642 1421 646 ⁴
1457 634 1472 649 ’ἱ

178 777 296 856 formu]
325 775 404 854 Lug.
429 776 578 857 formulu.·
617 776 686 838 Art.
705 779 761 841 il:
787 777 923 856 formula
944 778 1050 859 oflicii.
1093 777 1186 840 infra:
1213 781 1332 860 reputa.
1354 801 1384 842 v.

98 893 235 955 Brisson.
263 910 297 952 v.
320 891 443 953 Forma.
487 891 606 970 Siglum
632 894 724 972 form.
752 893 831 971 apud
860 892 975 956 Gaium.
1019 891 1066 955 Ct'.
1096 895 1233 954 Sclrultu.
1263 883 1404 958 Gmndss

99 1006 161 1084 leg.
183 1028 214 1087 p.
231 1010 302 1071 634.
323 1011 388 1067 not.
410 1011 455 1068 10.
478 1007 618 1070 HlilNR.
645 1008 875 1072 Formicis.
897 1027 1008 1069 norma.
1032 1009 1154 1087 Fortun,
1168 1014 1254 1071 etiarm
1272 1012 1309 1073 ud
1323 1013 1385 1074 lin·
1421 1090 1426 1096 .

98 1142 199 1202 guam,
221 1126 398 1184 auctoritate
422 1124 601 1186 destituitur.

178 1246 253 1320 post
264 1241 468 1320 superirruente
488 1250 517 1299 et
538 1244 637 1311 usum]
661 1236 768 1302 Cicero
791 1258 932 1321 nusquam
955 1244 1173 1321 experimento,
1204 1243 1297 1303 semel
1315 1248 1384 1307 tao.

99 1356 158 1415 tum
180 1358 422 1435 experimentum.
466 1353 572 1416 Itidem
605 1355 723 1419 Livius.
751 1353 877 1418 Sallust.
919 1360 1131 1436 experimentis
1153 1359 1301 1434 capullum
1328 1366 1385 1433 eet,

101 1468 192 1530 durch
214 1469 371 1548 geurachte
393 1468 614 1546 Erlahrungeu.
647 1471 824 1547 Argenteus
846 1470 936 1531 aelati
960 1473 1012 1530 vix
1035 1471 1113 1531 aliud
1136 1471 1312 1532 vocabulum
1328 1476 1385 1534 tam

101 1586 318 1667 frequentatum
354 1590 384 1647 et
412 1587 494 1664 sing.
527 1589 558 1646 et
585 1585 661 1664 plur.
690 1604 821 1647 numero.
864 1584 980 1646 Plinius
1003 1587 1095 1646 ruaior
1117 1586 1239 1646 inlicitis
1260 1585 1387 1650 lociset
1432 1560 1437 1566 .

100 1705 329 1783 experimentum
356 1701 429 1762 dicit
460 1705 491 1763 et
519 1705 740 1781 experimenta,
768 1699 939 1762 Versuclre.
987 1701 1161 1784 Quoiutilian.
1195 1701 1264 1762 item
1287 1703 1310 1766 l.
1334 1709 1384 1782 12,

102 1823 130 1878 8.
158 1821 190 1878 et
215 1816 270 1876 Xl.
294 1823 329 1894 2,
352 1819 407 1881 42:
436 1820 650 1899 experimentis
677 1817 920 1898 deprehenditur.
964 1815 1044 1875 ldcm
1067 1815 1107 1876 ll.
1132 1821 1187 1892 ll,
1219 1821 1278 1882 15:
1309 1818 1385 1900 plu-

100 1935 184 1992 rimis
212 1935 423 2013 coperimentis
448 1966 489 1975 -
516 1943 638 1994 constet
658 1951 712 1994 ers
740 1931 874 1996 diremti.
922 1932 961 1992 ll.
996 1935 1047 2008 li,
1074 1935 1113 1994 o:
1149 1932 1319 2010 medicine,
1353 1938 1389 1998 ui

101 2047 278 2128 quidusdam
303 2047 426 2129 placet,
447 2057 525 2109 totu
547 2058 668 2111 constat
687 2051 909 2131 experimentis.
933 2046 972 2107 ll.
998 2053 1050 2122 15,
1073 2055 1108 2110 5:
1130 2049 1215 2115 Num
1236 2053 1267 2111 in
1288 2053 1385 2112 omni-

101 2161 156 2224 dus
175 2164 244 2243 fere
264 2163 484 2224 minus-ualent
510 2173 681 2245 praecepto
703 2184 789 2246 quam
810 2167 1024 2245 experimenta.
1054 2162 1099 2223 lv
1129 2168 1162 2242 2,
1186 2169 1243 2226 86:
1272 2170 1387 2228 nostris

102 2282 323 2360 experimentis.
373 2277 428 2339 Xl.
456 2281 496 2355 2,-
522 2284 581 2339 33:
615 2282 645 2339 si
682 2278 756 2363 quid
783 2297 829 2339 me
859 2280 1065 2359 experimenta
1101 2280 1173 2350 (dio
1207 2280 1386 2357 genraclrten

103 2394 328 2473 Erialrrungen]
353 2392 530 2457 docueruut.
573 2391 675 2456 Tacit.
697 2394 777 2455 Hist.
799 2393 825 2454 l.
852 2398 904 2456 ll:
924 2402 998 2473 post
1018 2398 1253 2474 experimentum
1274 2394 1386 2458 domini

103 2513 238 2572 minoris.
282 2510 544 2591 imminentem,
576 2482 730 2591 ἦιῖεἴρα,
758 2512 966 2592 experientia,
994 2502 1013 2587 ἡ
1038 2504 1200 2588 ἐμπειρία.
1243 2509 1298 2571 llla
1318 2512 1386 2572 sin-

102 2626 177 2703 gula
203 2625 334 2688 collecta
362 2625 446 2706 quasi
475 2642 611 2687 summam
645 2623 779 2686 alliciunt
807 2627 1044 2706 aperientium
1078 2628 1109 2686 et
1142 2625 1385 2704 quemadmodum
1426 2617 1428 2621 ’

103 2744 291 2823 experientia
313 2746 344 2803 ct
361 2761 434 2803 usus
456 2740 596 2820 copulate
613 2739 709 2818 uulgo
724 2741 785 2802 dici
798 2739 899 2802 solent
923 2735 1081 2820 [Rhodius
1096 2740 1132 2801 ad
1145 2739 1237 2817 Largi
1255 2740 1385 2818 Praei),

105 2857 149 2917 sio
180 2860 385 2938 experimento
408 2863 439 2917 ot
460 2876 542 2918 usum
565 2855 708 2933 coniungi
730 2854 805 2918 nihil
827 2857 945 2917 omnino
977 2855 1120 2917 obstulit.
1153 2854 1292 2919 HlilNll.

185 2971 223 3033 ln
251 2971 326 3032 otiis
352 2980 449 3032 autem
477 2971 564 3033 libris
584 3007 625 3015 —
652 2972 877 3037 succedentium
898 2992 949 3035 res
970 2979 1044 3033 ecte
1064 2972 1135 3051 est)
1177 2971 1261 3033 Bene
1289 2972 1385 3034 inter-

104 3091 237 3166 pretatur
261 3085 411 3147 Polenus:
442 3086 497 3164 „ln
524 3087 593 3149 aliis
611 3087 696 3148 libris
718 3090 942 3150 succedentium
966 3087 1089 3149 utilitati
1112 3086 1282 3148 consultum
1304 3087 1384 3149 est.“

102 3203 165 3263 iarn
196 3204 262 3263 sive
290 3203 348 3264 ulii
376 3202 446 3263 libri
475 3204 560 3263 erunt
585 3201 652 3263 libri
680 3202 975 3280 Strategematicon,
1005 3204 1073 3264 sive
1098 3201 1167 3263 libri
1190 3202 1227 3262 de
1249 3221 1282 3262 rc
1304 3201 1386 3264 mili-

103 3319 178 3396 tari3
213 3319 413 3380 succedentes
440 3320 509 3378 sunt
536 3316 609 3378 belli
637 3317 746 3394 duces,
782 3321 830 3397 qui
867 3317 1016 3396 Frontini,
1051 3317 1101 3399 qui
1137 3317 1204 3395 ipse
1238 3312 1385 3398 quondam

104 3433 263 3512 imperator
299 3436 413 3510 fuerat,
450 3433 613 3511 diiigenter
646 3433 837 3512 perlustratis
868 3433 1038 3512 exemplis,
1079 3435 1112 3493 ut
1149 3432 1220 3493 inde
1258 3432 1385 3495 fructum

103 3551 238 3628 capiant,
267 3549 389 3611 animum
419 3549 597 3625 adiungunt.
642 3549 681 3611 lit
711 3549 839 3609 docendi
871 3565 961 3608 causa
981 3546 1139 3608 Frontinus
1162 3546 1387 3626 Strategemata

103 3667 244 3743 scripsit:
267 3665 316 3725 Itn
338 3667 424 3738 enirn,
448 3665 490 3723 ait
511 3664 539 3724 iu
558 3664 698 3738 Praelat,
722 3663 845 3725 consilii
867 3682 983 3746 quoque
1003 3672 1034 3724 et
1050 3661 1263 3744 providentioe
1283 3683 1387 3725 euera-

100 3781 164 3860 ptis
192 3784 343 3841 sineeincti
370 3779 465 3840 duces
493 3789 604 3854 erunt,·
639 3779 718 3840 unde
745 3779 811 3840 iilis
838 3777 1035 3857 eacopitandi
1061 3778 1245 3861 perendique
1272 3780 1387 3841 similia

100 3897 239 3974 securitas
260 3899 418 3957 nutrietur.
462 3895 629 3957 Praeterea
657 3897 820 3974 continpet,
851 3913 888 3954 ue
915 3893 954 3954 de
980 3904 1087 3958 euentu
1117 3894 1250 3975 trepidet
1277 3899 1384 3957 inuen-

101 4015 193 4073 tionis
225 4031 314 4086 suue,
350 4015 400 4093 qui
437 4010 577 4092 prodetis
609 4030 676 4073 euro
707 4012 921 4091 experimentis
953 4008 1151 4090 comparebit.
1182 4014 1214 4072 et
1246 4011 1383 4074 utilitatis

103 4143 211 4189 causa:
252 4125 339 4208 (lpus
365 4128 442 4203 lucc,
475 4126 583 4187 ibidem
606 4126 696 4204 dicit,
722 4129 804 4187 sicut
825 4135 943 4201 cetera,
969 4146 1042 4188 usus
1061 4129 1168 4208 potius
1189 4126 1321 4187 eliorum
1342 4160 1383 4170 -

100 4263 197 4303 corase
218 4263 381 4322 oppressus
402 4262 476 4304 sum.
499 4242 585 4303 llunc
606 4246 702 4303 autem
725 4241 811 4303 linem
833 4259 871 4303 eo
893 4243 990 4319 magis
1012 4241 1132 4321 assequi
1149 4243 1279 4320 poterat,
1301 4244 1381 4324 quod

101 4355 192 4416 libros
209 4357 278 4418 illos
295 4359 468 4419 condiderat
487 4369 559 4439 post
580 4361 784 4441 experimenta
804 4367 836 4418 et
854 4377 960 4432 rmum5
989 4374 1111 4438 namque
1133 4356 1199 4435 ipse
1221 4356 1293 4418 delli
1314 4359 1378 4435 dux
1452 4358 1462 4377 ‘

100 4471 194 4534 iuerat
210 4479 241 4534 et
263 4470 380 4535 Silures
403 4476 443 4534 in
475 4475 632 4543 Britannia
652 4473 867 4557 Lingonesque
898 4471 928 4538 t'n
956 4471 1055 4535 Gallia
1082 4470 1262 4536 subiecerat.
1306 4473 1374 4536 lio-

1006 4585 1104 4656 10*
