2978 4988
406 336 480 415 DE
506 336 697 431 Aonas
721 334 1004 417 nodemus.
1046 347 1049 354 '
1308 340 1384 417 1⁸27

173 574 310 651 Posset
346 571 414 647 boo
445 570 605 647 Senatus
637 571 832 647 consultum
872 571 1122 667 aequissimum
1156 558 1278 664 rideri,
1307 574 1382 651 128

98 701 205 769 etiam
239 716 285 766 ex
315 696 368 763 rei
399 700 531 762 tautam
562 689 724 787 publicae
756 688 901 759 utilitate
932 683 964 759 si
995 711 1038 759 ea
1064 689 1176 785 sputis
1203 692 1282 763 rin·

98 810 317 899 dicaremur3
355 805 463 878 multo
496 811 631 903 arogis,
670 828 749 879 cum
775 804 928 877 maiores
954 804 1065 876 nostri
1091 803 1282 881 admirabili

112 1018 333 1037 ..una-pu..-

142 1143 233 1201 etium
255 1160 294 1201 eu
313 1143 360 1202 rer'
382 1143 457 1212 ete.)
487 1135 530 1200 C:
558 1142 648 1200 etium
669 1160 709 1201 ee
729 1158 764 1200 re
783 1147 805 1199 t.
827 1157 859 1218 p.
880 1134 1023 1198 utilitatis
1044 1154 1083 1199 ea
1103 1156 1152 1221 ep.
1189 1138 1283 1207 Uv:
1318 1162 1367 1217 123

101 1246 190 1301 etiem
215 1261 254 1301 er
275 1260 309 1300 re
330 1248 351 1298 t.
371 1259 404 1320 p.
428 1240 548 1300 utilitas
570 1257 608 1298 ee
629 1258 677 1319 ap.
721 1236 799 1297 ilino
821 1255 921 1296 reram
942 1235 1099 1297 tortionem
1122 1258 1167 1300 me
1189 1242 1283 1303 resti-

100 1342 196 1399 tuisse
218 1358 296 1401 reor.
326 1337 380 1401 Ee
400 1338 532 1399 utilitate
553 1337 609 1397 tu.
631 1354 686 1397 aos
702 1334 868 1397 Rbelrsiebt
889 1338 935 1396 sdr
952 1337 1009 1398 deo
1027 1336 1138 1398 orente
1156 1338 1284 1404 Natura.

100 1438 118 1497 d
135 1445 166 1499 ot
182 1452 251 1500 ree:
273 1440 394 1499 etiumor'
415 1458 454 1498 ear
473 1440 522 1500 rei
542 1446 563 1499 t.
578 1455 611 1517 p.
634 1435 768 1513 utilitate
783 1456 821 1496 eu
837 1451 910 1517 ap.,·
932 1452 1016 1516 quam
1034 1435 1193 1498 lectionem
1215 1438 1283 1503 Pol.

101 1538 231 1617 recepit,
262 1556 347 1619 quem
369 1536 554 1617 posteriores
576 1532 709 1597 editores
730 1534 825 1597 seeuti
846 1537 926 1596 suot.
969 1532 1010 1601 rr
1040 1544 1071 1597 et
1090 1539 1120 1597 si
1140 1540 1186 1599 rei
1207 1546 1228 1597 t.
1249 1557 1283 1620 p.

100 1638 231 1699 militate
252 1657 291 1699 err
310 1656 359 1717 op.

140 1735 385 1809 vindicarentur]
412 1735 457 1798 V:
480 1734 574 1798 indie.
603 1733 685 1795 Edd:
708 1732 804 1795 iudie.

140 1835 317 1897 admirabili
315 1836 339 1913 J
367 1834 412 1898 V:
436 1855 500 1899 erem
521 1834 601 1896 adm.

141 1931 332 2017 eripuerint)
353 1932 429 1995 Post
450 1932 516 1993 Pol.
539 1933 681 2009 volgatur
701 1936 855 2013 eripuere,
878 1931 950 1995 iicet
972 1932 1059 1995 eodd.
1083 1937 1114 1997 et
1135 1936 1205 2001 edd.
1226 1934 1285 2000 ba-

101 2035 191 2098 beant
212 2038 398 2117 eripuerunt.
430 2031 523 2115 Atqui
546 2050 584 2093 oo
605 2030 664 2093 boe
686 2032 807 2113 quidem
829 2031 963 2094 Frontioi
985 2038 1049 2109 est,
1072 2037 1285 2101 coniunctione

103 2154 167 2201 cum
191 2132 206 2215 t
214 2133 233 2194 i.
247 2154 274 2195 e.
298 2134 451 2215 quoniam]
473 2130 522 2194 hie
535 2133 651 2192 omuino
665 2132 780 2191 ruodum
795 2132 945 2195 eooirmet.
959 2132 1122 2209 flagitante.
1165 2136 1284 2199 Etenim

103 2238 183 2295 totos
211 2232 296 2293 loeus
324 2233 368 2293 sie
394 2232 621 2293 constituendus
648 2236 712 2307 est,
742 2234 773 2291 ot
795 2230 937 2291 edendum
959 2235 1084 2294 curari:
1114 2234 1152 2296 de
1174 2255 1231 2319 qua
1251 2256 1285 2301 re
1370 2314 1373 2319 Ι

103 2350 161 2394 oon
190 2337 239 2394 est
266 2331 392 2410 aorplios
418 2329 656 2404 deliberandum,
684 2347 748 2390 com
776 2329 814 2390 de
839 2330 928 2390 modo
955 2331 1103 2393 oonirmet.
1130 2336 1286 2399 tutatuta!

102 2440 133 2495 ot
160 2431 357 2495 perdiderint
382 2428 460 2492 later
487 2433 549 2491 tres
575 2428 664 2490 codd.
693 2432 828 2502 rorstet,
857 2434 889 2489 et
914 2428 970 2491 trio
996 2426 1089 2491 rerba
1116 2434 1152 2493 ab
1181 2436 1284 2497 eadem

101 2532 306 2593 rouiooetiooo
328 2550 393 2591 eum
416 2534 499 2602 [anto
520 2532 652 2590 meteres
672 2531 784 2601 uourrr]
811 2546 868 2588 ona
889 2529 1029 2607 prodant.
1072 2530 1104 2593 lo
1127 2532 1194 2595 edd.
1217 2553 1285 2596 om-

103 2631 207 2707 uibus,
245 2650 318 2710 rpoas
345 2630 460 2691 Poleno
489 2632 627 2705 auctore,
660 2628 773 2707 spretis
802 2626 973 2700 codicibus,
1002 2648 1157 2709 perperam
1186 2634 1283 2695 secuti

103 2736 171 2791 suot
192 2731 325 2790 editores
346 2731 553 2809 posteriores,
574 2732 730 2811 postquam
751 2729 822 2806 post
841 2726 1036 2807 pertinebant
1055 2732 1167 2793 maiore
1188 2732 1285 2795 iater-

103 2828 264 2909 pom-tione
284 2828 361 2889 orale
383 2828 552 2889 distinctum
574 2832 654 2906 erat,
677 2826 851 2888 necessario
869 2826 1081 2891 eooiooetiros
1098 2828 1168 2893 illos
1185 2836 1285 2895 treas-

102 2928 143 2988 ire
166 2929 325 3007 oportebat
346 2930 375 2987 io
397 2928 561 2989 intulerunt
579 2932 611 2988 et
630 2926 841 2989 vendiderunt.

139 3028 362 3110 perducerent)
385 3027 432 3089 V:
453 3026 545 3109 prod.
572 3026 612 3091 F:
632 3027 883 3108 producerentur.

143 3127 320 3198 eradendo)
348 3123 391 3188 U:
413 3125 586 3188 eeeduadu.

142 3236 203 3287 tum
223 3244 276 3287 reo
295 3244 326 3305 p.
344 3245 431 3306 purum
451 3243 484 3305 p.
500 3218 665 3304 baberent]
689 3222 738 3287 Cf.
750 3224 786 3285 ad
802 3224 898 3287 Arar
924 3221 1122 3307 (iaetipertt).
1145 3227 1285 3291 llbsst'n.

103 3325 128 3388 U
148 3327 177 3389 V
198 3325 235 3386 J:
261 3324 397 3385 baberet.
439 3322 519 3385 Tres
545 3323 634 3385 codd.
664 3324 805 3399 ignorant
830 3322 902 3384 iliud
930 3334 1008 3387 tem:
1036 3324 1115 3407 quod
1142 3326 1284 3389 exsulare

102 3426 183 3487 iubet
201 3422 327 3487 Corrad.
354 3424 450 3484 Bene.
478 3422 566 3485 Haud
581 3440 647 3483 raro
665 3424 742 3483 enim
759 3427 919 3501 usurpatur
934 3444 1040 3507 quum,
1063 3426 1176 3486 omisso
1192 3444 1286 3505 prae-

103 3526 228 3586 redrnte
250 3535 328 3586 tum:
357 3524 443 3583 euius
465 3523 557 3583 moris
578 3522 608 3583 br
628 3522 796 3600 nuperrima
816 3521 978 3585 Foreeiiioi
1000 3523 1134 3585 editione
1156 3523 1215 3586 duo
1236 3523 1286 3585 rd-

103 3623 161 3685 lata
184 3623 271 3683 rideo
295 3620 434 3700 exerupla
459 3616 551 3701 [biv.
567 3618 607 3680 ΙΙ.
624 3624 654 3681 6.
676 3616 795 3698 Ulpiao.
816 3620 891 3699 mg.
903 3622 1020 3685 XXIX.
1036 3627 1069 3702 2,
1086 3619 1157 3705 20).
1188 3622 1285 3712 Quum

102 3725 199 3783 omnia
220 3725 279 3783 siut
299 3720 388 3803 plana
410 3724 440 3782 et
462 3719 624 3800 expedita,
654 3717 728 3781 Sob.
751 3724 849 3782 tameo
871 3722 1014 3798 corrigit:
1036 3732 1070 3785 ut
1090 3725 1121 3785 ie
1142 3742 1168 3785 s.
1188 3724 1216 3803 f.
1234 3744 1286 3805 pr.

103 3826 149 3883 ius
176 3843 226 3884 res
250 3821 335 3904 publ.
363 3831 503 3903 tauquam
526 3838 577 3901 pr.
603 3817 730 3880 baberet
759 3815 872 3900 [dano
892 3820 924 3882 in
944 3822 1050 3884 seinen
1068 3820 1210 3885 -Grbnzem
1231 3824 1285 3885 des

103 3920 282 3999 idigendmm
305 3921 359 3981 des
381 3918 503 3983 Staates
523 3916 627 3997 gieieb
649 3919 716 3981 dem
733 3919 785 3981 der
800 3918 940 3983 Privatos
961 3922 1091 4001 elgeoes
1105 3920 1207 3986 Beobt
1226 3922 1286 3985 be-

101 4016 212 4094 bollo).

143 4125 330 4200 occupasse)
360 4115 643 4199 exoccupatum.

141 4215 332 4298 attuleruut)
364 4218 410 4279 Its
429 4217 498 4279 libri
521 4236 642 4297 omnes,
664 4236 724 4280 noo
747 4216 894 4295 attulere,
915 4221 994 4301 quod
1018 4220 1086 4283 ror.
1107 4220 1255 4300 volgarit.

141 4318 412 4399 per—-lotere—
424 4315 603 4401 abutuntur)
634 4313 678 4379 G:
697 4337 755 4400 per
776 4326 879 4380 eueloe
903 4315 991 4399 [ror.
1014 4321 1107 4382 refert
1126 4326 1286 4395 auctorare)

103 4412 174 4479 tetri
203 4412 359 4496 {Polenos
387 4417 507 4488 lutera)
538 4420 657 4499 passim
684 4436 739 4478 eur
765 4436 820 4479 aas
847 4437 885 4480 uo
910 4438 947 4480 rra
976 4416 1066 4501 [Pol.
1092 4439 1199 4482 eureus
1219 4422 1288 4495 ter)

103 4534 251 4599 uquarum
266 4520 457 4598 impetratam
471 4515 592 4580 babent.
611 4535 699 4599 quare
714 4514 759 4579 bii
775 4521 825 4601 pur·
841 4518 1139 4603 eremitarumque
1153 4516 1291 4599 beneficia·
