2978 4950
129 240 207 315 200
554 232 999 317 ANNOcAnIONIcs.

130 478 238 546 micum
260 493 294 536 se
316 477 462 543 moturum
484 491 555 542 esse
581 472 697 533 sciehat
717 470 895 551 Frontinus,
925 473 952 533 si
981 471 1033 532 illa
1061 471 1213 552 probaret.
1257 470 1309 533 Ad
1330 471 1415 537 duom

131 591 201 660 libri
222 590 401 658 Frontinusz
433 609 498 656 curn
520 589 620 671 officii
637 588 726 670 pidem
747 593 838 652 etiam
855 608 914 670 par
935 590 1074 673 offensos
1095 592 1174 650 lueri
1191 580 1395 670 p'roeetiterit,

213 727 349 805 irripiens
370 722 482 803 apros)
518 742 576 812 par
600 727 698 785 eicos.
739 722 821 800 ligo.
857 723 994 792 Brisson.
1021 742 1052 783 v.
1081 725 1176 786 ricae.
1214 721 1353 790 Gronov.
1382 722 1416 788 ad

133 843 244 907 Senec.
279 860 310 921 p.
333 842 403 906 2i2.
446 837 551 907 Manil.
577 858 609 926 p.
637 841 688 906 88.
731 837 839 907 Sidon.
867 838 1026 921 Appollin.
1073 835 1170 908 Carm.
1202 836 1308 901 ΧΧΙΙ.
1347 841 1417 903 2οῐ.

131 977 197 1043 sqq.
229 955 368 1026 numia

216 1088 430 1172 corruptelas)
453 1090 475 1150 i.
500 1107 528 1152 e.
549 1106 665 1165 ganeas
687 1091 719 1150 et
739 1085 903 1168 lupanaria.
931 1087 1094 1151 Forcellln.
1116 1087 1147 1148 in
1168 1105 1202 1147 r.
1230 1085 1314 1172 Quae
1330 1090 1419 1150 vetuo

133 1207 242 1288 glossa
262 1209 293 1268 in
316 1205 451 1271 Glossar.
494 1203 625 1266 Lahhaei
646 1207 738 1267 vocat
754 1205 967 1271 conventicula
985 1204 1182 1289 perditorum.
1204 1202 1345 1273 Henna.
1371 1204 1418 1269 Dc

134 1323 313 1388 coenaculis
334 1342 364 1384 v.
388 1319 461 1384 Soh.
483 1319 554 1382 VII.
579 1324 627 1382 12.

213 1454 389 1544 perpetuis)
412 1455 435 1516 i.
458 1474 487 1516 e.
508 1458 658 1537 perpetuo
679 1472 782 1537 aquam
799 1454 947 1519 dantibus.

214 1588 312 1674 salsis
331 1583 448 1670 titolis)
482 1587 551 1650 Art.
575 1605 639 1669 seq.
665 1587 761 1668 falsis
781 1587 958 1649 nominibus.
991 1585 1132 1653 HlilNR.

217 1721 313 1786 altico
333 1718 508 1802 exceptam)
538 1717 663 1782 Claudia
689 1722 754 1781 erat
782 1719 899 1781 altioris
919 1719 1014 1781 librae
1038 1723 1069 1782 et
1091 1719 1300 1800 exciplebatur
1320 1721 1419 1797 altius,

134 1855 221 1923 quam
242 1835 341 1913 lolia,
371 1853 460 1917 quara
481 1834 551 1896 Pol.
574 1837 707 1899 restituit
728 1837 833 1904 alcius.
875 1835 909 1898 ln
932 1837 1055 1901 eandem
1078 1837 1254 1900 sententiam
1277 1835 1351 1901 Solu.
1373 1836 1421 1899 le-

134 1953 199 2033 gn:
222 1969 315 2035 opere
336 1959 465 2013 arcendo
487 1951 599 2013 altiore
620 1960 787 2034 exceptam,
810 1973 831 2014 c
846 1952 911 2035 Spe
932 1973 1026 2035 aeque
1043 1957 1102 2015 etc.
1144 1954 1250 2015 Alliao
1265 1963 1420 2036 exceptam

135 2068 255 2148 dicitur,
278 2070 310 2129 ut
331 2067 401 2130 Aa.
424 2048 482 2134 202'
502 2071 583 2130 Anio
605 2076 635 2133 ct
659 2067 794 2132 Claudia
815 2072 846 2130 in
867 2069 997 2132 altiores
1018 2090 1113 2131 orcae
1134 2074 1336 2152 recipicalar.
1366 2087 1421 2151 qna

136 2187 167 2251 ia
195 2202 228 2248 re
257 2187 402 2266 excipere
424 2188 455 2246 et
475 2187 615 2267 recipere
639 2186 811 2264 promiscue
836 2187 993 2264 usurpavit
1020 2186 1200 2263 Frontinus,
1229 2189 1263 2251 ut
1291 2186 1420 2247 vidimus

134 2302 204 2368 aa.
227 2306 277 2364 tii.
315 2297 365 2364 cf.
388 2301 458 2364 Art.
484 2307 540 2362 le:
573 2302 751 2374 Altiesimas
778 2312 825 2371 est
847 2303 929 2366 Anio
956 2300 1087 2381 Novae,
1114 2305 1258 2384 proaimc
1279 2302 1420 2365 Claudio.

134 2416 247 2482 Melior
268 2420 351 2481 certe
375 2418 562 2498 emendatio,
592 2437 676 2500 quam
699 2422 748 2480 cst
771 2418 895 2496 Poleni,
917 2418 946 2480 in
968 2421 1095 2481 mentem
1117 2436 1176 2479 non
1197 2419 1294 2479 venit.
1339 2416 1421 2498 Opus

135 2537 232 2598 autem
262 2535 411 2598 arcuatum
442 2537 512 2598 sunt
540 2553 626 2596 arcus
652 2535 815 2602 Neroniani
845 2531 895 2616 (ut
916 2535 1070 2595 audiemus
1092 2533 1161 2600 Art,
1184 2530 1260 2613 81),
1289 2536 1356 2616 qni,
1386 2535 1421 2596 ad

135 2648 228 2728 Spem
250 2649 392 2712 Veterem
414 2651 613 2730 incipientes,
637 2653 721 2721 iuxta
740 2650 881 2730 ternplum
901 2649 977 2718 Divi
1002 2648 1121 2714 Claudii
1144 2651 1350 2729 terminantur,
1371 2624 1422 2713 re-

136 2763 254 2834 terentc
275 2764 420 2836 Frontino
442 2762 512 2825 Art.
536 2770 589 2837 20.

218 2896 367 2976 omissae)
391 2894 466 2958 Sclr.
490 2897 579 2972 „sind
601 2897 649 2959 die
672 2899 808 2960 ersteren
831 2895 964 2979 [Marcia
985 2900 1017 2958 et
1035 2891 1135 2979 lolia)
1158 2897 1421 2977 nichtweitergc-

135 3011 233 3093 iiilrrt,
263 3013 395 3078 sondern
422 3013 652 3099 proisgegebon
678 3011 835 3075 worden.“
877 3032 1024 3095 perverso
1047 3033 1157 3093 senso,
1180 3014 1205 3078 si
1227 3015 1300 3097 quid
1321 3014 1422 3090 video,

136 3133 169 3193 ut
189 3128 240 3199 vel
263 3148 303 3191 cx
325 3147 411 3212 seqq.
434 3131 528 3210 patet.
572 3128 667 3217 Quum
689 3125 815 3191 Claudia
834 3131 981 3211 perdocta
1002 3133 1098 3208 esset,
1120 3131 1188 3209 ipsa
1209 3131 1327 3212 quidem
1350 3148 1423 3214 aqua

136 3247 247 3311 mutata
268 3248 332 3323 est,
364 3249 452 3327 atque
479 3247 509 3307 in
535 3244 669 3308 Marciae
691 3244 848 3328 Juliaeqoc
878 3264 1016 3328 aquarum
1047 3245 1143 3308 locum
1171 3247 1321 3313 successit
1349 3264 1423 3335 aqua

137 3358 295 3439 Claudiae,
318 3362 362 3421 ita
382 3365 415 3423 ut
430 3363 559 3440 priores,
576 3362 683 3423 nedum
701 3361 859 3442 ampliatae
880 3364 942 3424 sint
963 3362 983 3422 i.
1006 3381 1033 3424 e.
1052 3362 1223 3442 ampliorem
1240 3381 1335 3444 aquae
1357 3381 1423 3424 mo-

137 3477 204 3551 dum
234 3477 388 3554 ceperint,
425 3481 530 3544 auctae
565 3479 676 3563 quippe
711 3460 805 3569 aquae
841 3478 930 3557 copia
963 3494 981 3537 a
1010 3477 1138 3541 Claudia
1171 3479 1340 3561 perducta,
1370 3477 1423 3543 sed

138 3593 267 3671 omissae
289 3593 392 3671 potius
413 3593 535 3670 luerint,
559 3594 581 3654 i.
604 3612 632 3654 e.
656 3596 773 3656 onanino
795 3593 971 3672 neglectae,
995 3596 1026 3655 et
1043 3593 1169 3660 Claudia
1189 3593 1256 3665 sola
1280 3592 1338 3676 (oi.
1353 3595 1422 3658 Art.

137 3705 194 3790 Si)
218 3726 321 3791 aquam
347 3728 519 3788 suggerere
547 3711 661 3777 credita
682 3712 733 3773 sit.
775 3711 840 3771 Jam
863 3707 991 3774 Claudia
1011 3710 1145 3791 quamvis
1166 3711 1195 3772 in
1216 3712 1349 3790 priorum
1371 3727 1424 3771 ca,

137 3825 227 3899 stella
248 3842 350 3906 aquam
373 3844 455 3886 suam
475 3826 629 3906 infuderit,
653 3825 781 3909 illasque
803 3845 901 3907 paene
923 3825 1070 3887 oblivioni
1094 3826 1229 3905 dederit,
1253 3831 1351 3888 tamen
1373 3845 1423 3889 oa-

137 3940 228 4004 etella
248 3958 308 4003 non
331 3942 483 4011 mutabant
504 3944 637 4022 nomina,
650 3940 885 4010 'immoClaudia
907 3942 996 4005 dabat
1016 3961 1132 4025 aquarn,
1155 3947 1186 4004 et
1207 3942 1345 4005 castellis
1366 3959 1424 4004 ve-

137 4062 187 4131 tus
207 4056 400 4141 permanebat
420 4057 520 4119 duliae
543 4060 574 4119 et
593 4059 728 4122 Marciae
749 4058 925 4143 appellatio.

232 4189 283 4260 Ad
305 4194 375 4254 Art.
397 4189 483 4252 finem
505 4194 627 4260 annotat
647 4191 867 4263 Heinriohiust
884 4191 1013 4271 „Igitua
1036 4192 1117 4283 quad
1138 4192 1355 4257 emendandum
1375 4194 1424 4254 vi-

138 4305 273 4384 debatur,
296 4304 355 4369 hoe
378 4310 454 4387 erat,
478 4310 511 4369 ut
533 4307 660 4370 omissae
682 4326 699 4369 a
720 4308 980 4390 Nerono‘aquae,
1002 4306 1181 4376 adliciendis
1201 4307 1351 4389 castellis,
1374 4325 1425 4370 re.

137 4427 317 4489 vocarentur
337 4423 367 4486 in
390 4422 508 4495 usum.‘⁴
542 4461 545 4466 -
