2978 4988
440 320 526 410 'DE
546 333 742 429 ,AQUAE
767 334 1047 417 necemus

105 563 262 665 officium
286 589 333 640 ex
350 565 547 668 adiutorem
562 591 672 666 agere
688 571 907 669 praeceptis:
936 570 1029 668 quod
1046 570 1121 646 fieri
1138 593 1292 646 necesse

105 692 180 780 est,
218 683 379 779 quotiens
404 682 575 781 imperitia
601 687 800 782 praecessit
826 686 924 783 eius,
960 687 1006 760 ad
1036 689 1138 762 cuius
1165 687 1291 762 crebro

104 797 301 872 decurritur
326 823 449 872 usum:
479 822 625 896 quorum
653 802 721 873 etsi
746 804 972 875 necessariae
998 814 1118 900 partes
1140 813 1221 876 sunt
1245 801 1289 875 ad

102 915 344 1012 ministerium,
370 923 485 989 tamen
512 917 581 988 sint
605 917 742 990 nonnisi
767 941 891 990 manus
914 920 1084 1013 quaedam
1103 930 1137 992 et
1156 920 1289 992 instru-

101 1041 257 1106 mentum
282 1031 433 1130 agentis
475 1029 700 1130 Quapropter
727 1057 780 1128 ea,
810 1056 899 1129 quae
926 1034 970 1105 ad
995 1036 1196 1108 universam
1214 1059 1289 1108 rem

102 1148 309 1246 pertinentia
344 1146 550 1223 contrahere
584 1149 701 1246 potui,
741 1173 838 1222 more
871 1151 939 1222 iam
974 1174 1038 1246 per
1068 1151 1175 1223 multa
1206 1150 1288 1224 mihi

98 1263 221 1339 officia
245 1273 389 1338 servato
416 1265 451 1337 in
478 1263 634 1338 ordinem
659 1278 694 1337 et
719 1264 816 1338 velut
842 1266 875 1337 in
902 1288 1033 1363 corpus
1058 1264 1216 1361 diducta,
1251 1266 1287 1339 in

100 1379 193 1454 hunc
219 1381 503 1454 commentarium
529 1380 668 1476 contuli,
697 1404 798 1478 quem
815 1406 878 1478 pro
900 1381 1046 1456 formula
1063 1379 1285 1454 administra-

100 1497 206 1572 tionis
231 1497 411 1594 respicere
436 1519 592 1594 possem.
641 1497 685 1570 ln
711 1497 788 1569 aliis
814 1497 1063 1594 antomidus
1092 1521 1182 1594 quos
1203 1507 1288 1595 post

99 1612 340 1710 'experimenta
373 1623 408 1687 et
439 1636 544 1686 usum
576 1614 779 1711 composui,
815 1611 1077 1687 succedentium
1112 1637 1171 1687 res
1203 1623 1282 1687 acta

101 1739 176 1805 est:
204 1728 307 1804 huius
333 1730 570 1804 commentarii
594 1730 760 1805 fortassis
784 1730 968 1828 pertinebit
1000 1741 1036 1805 et
1060 1729 1117 1804 ad‘
1130 1754 1283 1807 succes-

101 1869 222 1921 sorem
245 1846 394 1938 utilitas3
421 1844 489 1920 sed
514 1869 593 1918 cum
619 1847 708 1919 inter
732 1847 826 1920 initia
853 1846 1157 1922 administrationis
1181 1869 1283 1929 meae

98 1964 254 2061 scriptus
279 1963 337 2059 sit,
363 1965 398 2038 in
424 1963 544 2060 primis
571 1960 615 2035 ad
640 1987 754 2036 meam
780 1964 1025 2038 institutionem
1055 1964 1283 2061 regulamque

100 2079 269 2185 proficiet.
318 2079 379 2155 Ao
413 2104 458 2152 ne
493 2077 576 2176 quid
610 2078 655 2151 ad
687 2081 794 2153 totius
827 2081 878 2152 rei
912 2059 1089 2177 pertinens
1127 2080 1282 2153 notitiam
1330 2076 1356 2151 3

96 2196 382 2299 praetermisisse
406 2195 548 2292 videar,
582 2198 719 2270 nomina
745 2197 893 2294 primum
918 2220 1103 2293 aquarum,
1132 2195 1282 2293 quaein

99 2312 223 2387 urbem
248 2313 400 2390 Romam
425 2311 587 2408 influunt,
622 2336 767 2411 ponam3
803 2321 874 2385 tum
907 2337 971 2410 per
1004 2335 1095 2409 quos
1122 2333 1282 2409 quaeque

100 2631 258 2695 mteiicem.
300 2629 369 2693 Non
395 2630 471 2693 enim
494 2629 651 2691 Frontinus
679 2628 709 2690 id
735 2647 828 2706 agero
855 2630 994 2708 poterat,
1027 2631 1060 2690 ut
1086 2627 1137 2689 hie
1168 2626 1281 2690 aecem

99 2732 219 2813 scriptis
240 2731 302 2792 suis
322 2734 545 2794 autecessorum
566 2729 691 2808 gloriam
713 2729 914 2810 praedicaret,
943 2728 998 2789 scd
1026 2727 1224 2790 tantummodo
1251 2730 1284 2788 ut

99 2834 359 2910 commemoraret,
392 2831 462 2913 quid
488 2831 599 2910 scripta
626 2849 680 2891 sua
706 2829 841 2892 vaierent
869 2828 995 2910 quidque
1019 2827 1164 2889 commodi
1185 2825 1283 2888 exiis

99 2935 134 2996 ed
153 2936 295 3013 posteros
307 2929 531 2994 redundaturum
548 2947 619 2991 esse
637 2935 781 3010 speraret.
824 2928 932 2990 Veram
954 2926 1014 2988 ioci
1034 2928 1207 2990 sententiam
1229 2943 1283 2986 ac-

100 3035 166 3115 cipe
180 3030 347 3095 inAnnott.

139 3129 305 3214 fortassis)
326 3129 379 3193 Sic
401 3127 426 3191 C
448 3128 485 3207 U,
509 3132 541 3192 et
571 3129 601 3190 in
621 3129 717 3190 Paris.
741 3128 828 3189 rubro
852 3125 953 3187 colore
976 3125 1165 3187 interlineas
1188 3125 1284 3186 corri-

99 3235 180 3310 gitur
200 3249 255 3313 pro
291 3230 443 3311 fortasse,
471 3233 505 3291 ut
533 3231 581 3291 est
607 3228 687 3291 an
715 3232 746 3290 et
775 3227 843 3288 odd.
886 3226 964 3288 Mox
991 3224 1034 3288 U:
1067 3242 1284 3288 successorem.

99 3332 194 3395 Paris.
218 3330 274 3392 sed
292 3348 388 3412 quone.

138 3431 184 3494 ad
201 3439 313 3507 meam)
354 3425 436 3492 an
466 3427 585 3490 videtur
612 3431 763 3489 exaratum
792 3443 861 3487 esse
883 3433 1028 3486 metram.
1050 3422 1127 3484 Mox
1149 3420 1192 3484 U:
1211 3439 1287 3503 per-

96 3530 191 3613 ficiet.

136 3626 282 3718 saltuem)
305 3625 349 3689 C:
371 3628 507 3711 influant.
1337 3640 1354 3686 3

137 3727 267 3812 ponam)
290 3725 427 3808 Scriptus
445 3745 591 3808 proneam.
625 3724 687 3787 Alit
707 3725 851 3807 modam.
888 3719 1118 3802 undenum}
1138 3722 1208 3784 Art.
1232 3725 1287 3782 64:

99 3847 179 3891 susc
198 3845 309 3909 ponam
331 3830 392 3889 etc.

139 3937 171 3989 et
191 3927 299 4010 quoto)
322 3927 356 3988 ln
377 3926 466 3987 codd.
489 3929 521 3989 et
541 3923 563 3988 F
586 3925 673 3986 deest
694 3932 733 3986 et.

139 4026 308 4109 perductae
328 4027 408 4105 stet)
431 4025 500 4087 Pol.
511 4025 661 4107 perducta
681 4027 733 4086 sit.
757 4023 821 4086 Sed
842 4020 919 4085 GU:
940 4021 1089 4105 perducta
1109 4024 1182 4082 stat.
1205 4018 1290 4081 VF:

100 4126 269 4208 perductae
288 4135 367 4188 suat.
397 4125 493 4188 Paris.
520 4126 538 4185 J
567 4129 598 4187 et
618 4136 685 4186 rec:
708 4124 876 4206 perductae
896 4126 968 4184 siat.
1012 4122 1121 4182 Recte.
1165 4119 1213 4179 De
1235 4136 1293 4199 quo

102 4227 179 4306 plur.
202 4245 322 4288 numero
344 4229 417 4305 post
437 4229 560 4306 putoque
580 4244 613 4285 v.
636 4225 763 4302 Herzog
783 4225 819 4286 ed
834 4221 924 4285 Caes.
941 4223 978 4282 B.
997 4219 1035 4285 0.
1049 4219 1090 4280 ll.
1104 4225 1155 4281 st.
1173 4216 1292 4280 Ruhnk.

103 4327 139 4389 sd
160 4327 286 4389 Terent.
308 4326 386 4386 Eun.
409 4323 490 4385 Prot.
514 4325 622 4404 Zumpt
645 4325 744 4388 Gram.
766 4325 833 4386 Lat.
856 4319 892 4405 §-
915 4324 988 4387 361.

142 4448 165 4490 a
185 4436 274 4511 puoto
294 4425 438 4486 milliario
462 4427 651 4506 coepissent)
675 4423 720 4489 G:
742 4445 763 4488 a
784 4435 873 4508 puoto
897 4425 1049 4504 coepisse.
1073 4418 1174 4497 Saepe
1193 4415 1222 4474 in
1240 4411 1298 4474 hoo

106 4527 172 4589 cod.
195 4524 320 4608 aliisque
334 4524 419 4589 libris
431 4523 602 4588 infinitivum
617 4530 757 4606 corrupte
769 4522 919 4604 exhiberi,
945 4521 1096 4631 audiemus
1111 4517 1148 4578 ad
1164 4513 1233 4575 Art.
1247 4518 1299 4575 or.
