2978 4988
557 322 880 401 PRAFFA'FIO.
1229 322 1357 417 ‘XXV

77 563 148 632 tzio
174 557 299 632 eollata
326 556 524 633 reducenda
550 562 607 654 slt,
644 555 854 654 respondeo,
889 558 1070 655 repetitam
1097 582 1174 650 eam
1199 580 1285 631 esse
1309 581 1356 631 ex

76 690 200 764 oodioe
225 691 412 765 Vaticano.
474 691 592 766 Mirus
635 695 671 764 in
709 689 765 764 bis
798 689 899 764 libris
930 699 986 763 est
1018 695 1254 788 pessimamm
1276 689 1355 765 leo·

76 827 206 897 tionum
232 823 547 920 oonlnsionumque
573 846 792 916 eonsensus3
831 831 935 919 atque
969 822 1189 920 corruptelae
1213 827 1251 897 in
1274 820 1355 897 edi·
1375 825 1387 847 ‘²

75 960 178 1051 tione,
221 966 259 1029 ut
283 955 330 1054 111,
367 961 503 1054 passim
527 956 632 1030 latius
658 954 889 1048 effunduntur,
925 977 1029 1051 quam
1054 955 1195 1030 suntin
1220 952 1356 1065 oodioq.

73 1087 209 1162 Verum
238 1090 340 1164 etiam
366 1113 435 1165 non
469 1088 657 1162 distituitur
689 1087 977 1185 proprietatibus:
1017 1112 1065 1161 ex
1098 1088 1225 1186 quibus
1251 1085 1353 1167 colli«.

72 1243 153 1318 gas,
192 1220 297 1296 alium
331 1244 471 1318 quoque
505 1219 662 1295 codicem
696 1221 740 1295 ab
774 1218 906 1294 editore
931 1224 967 1292 in
992 1242 1096 1293 usum
1123 1220 1237 1295 luisse
1264 1242 1353 1303 oon·

70 1376 226 1450 versum,
253 1353 346 1428 unde
363 1353 529 1448 lacunae,
557 1357 709 1449 quaein
725 1351 900 1427 Vatioano
927 1362 1054 1449 patent,
1082 1353 1152 1425 sint
1176 1351 1351 1448 expletae,

70 1484 224 1560 tortasse
250 1492 355 1560 etiam
395 1485 599 1585 deprompta
638 1510 692 1581 00,
733 1509 823 1583 quae
861 1484 940 1559 sola
978 1484 1034 1559 bio
1071 1485 1141 1558 illio
1178 1489 1353 1582 integram

68 1617 226 1692 Frontini
252 1642 391 1695 manum
415 1628 570 1693 servant

167 1751 342 1826 Venimus
369 1750 414 1825 ad
439 1756 625 1850 egregiam
658 1750 713 1826 ed.
738 1749 918 1825 ertinam
951 1773 1018 1824 seu
1042 1748 1207 1847 Jooundi,
1246 1771 1353 1846 quam

64 1882 99 1955 in
122 1881 273 1959 Annott.
299 1883 462 1982 significo
490 1881 696 1983 compendio
720 1882 757 1958 J.
808 1881 925 1960 Cuius
958 1882 1049 1957 buno
1079 1883 1214 1957 titulum
1239 1881 1353 1959 adlert

63 2014 224 2089 Polenus
264 2015 435 2115 (Proleg.
460 2042 494 2114 p.
518 2014 614 2113 22):
660 2016 917 2091 Vitruvius
956 2024 999 2091 et
1034 2016 1291 2091 Frontinus
1320 2035 1353 2091 'u

61 2146 273 2223 Jooundo
307 2148 457 2224 revisi
488 2154 848 2248 repurgatione,
890 2157 1100 2246 quantum
1125 2148 1350 2227 0000110-

62 2280 191 2357 tione
236 2280 381 2360 liouit.
456 2280 728 2357 Florentiae
779 2306 842 2356 00
892 2278 1002 2357 1513.
1077 2279 1350 2380 sumptibus

62 2411 215 2511 Philip
229 2415 274 2510 pi
307 2413 360 2489 de
394 2410 576 2489 Giunts.
615 2411 724 2514 (12).
774 2412 943 2488 Frontino
970 2412 1174 2511 praeligitur
1200 2413 1351 2512 epistola

59 2543 160 2619 bueo.
210 2545 636 2623 JulianoMedioae
664 2517 1348 2628 fraterJnJoounous'sel).

61 2679 218 2771 ,dulium
243 2678 449 2758 Frontinum
476 2680 520 2756 de
546 2678 833 2783 aquaeductibus
873 2678 1001 2776 optimo
1026 2678 1183 2774 Juliane,
1219 2679 1348 2757 Vitru-

56 2811 163 2885 viano
191 2812 303 2887 oodioi
329 2812 573 2898 adiiciundum,
588 2813 753 2909 iudicavi,
788 2811 934 2888 materia
958 2812 1118 2888 eiusdem
1143 2812 1350 2910 discipliuae
1482 2837 1484 2840 ·

56 2948 238 3041 exigente,
277 2969 405 3042 quem
440 2970 536 3021 oum
568 2970 654 3021 uno
687 2945 919 3021 dumtaxat
952 2946 1209 3046 exemplari
1242 2968 1348 3027 0011-Ι

56 3076 154 3150 1011.
206 3074 278 3156 Oui
316 3088 432 3152 tamen
471 3090 636 3176 qnantum
672 3077 836 3174 additum,
878 3089 1111 3181 quantumque
1149 3080 1184 3151 in
1221 3079 1348 3169 melius

54 3208 286 3285 reformatum
309 3214 367 3307 sit,
408 3235 454 3286 ex
479 3211 666 3287 collatione
691 3181 957 3309 impressorum,
997 3233 1088 3307 quos
1114 3232 1346 3306 nuncusque

53 3341 265 3441 bibliopolae
299 3344 594 3440 oiroumtrderunt,
643 3345 822 3442 explorari
854 3348 1003 3442 poterit3
1058 3368 1127 3417 non
1161 3341 1256 3439 quod
1287 3366 1345 3417 me

55 3475 255 3549 existimem
278 3476 392 3572 illum,
419 3498 488 3552 seu
510 3478 613 3552 etiam
625 3472 846 3575 Vitruvium,
876 3476 920 3552 ad
947 3477 1123 3574 integrum
1143 3474 1344 3574 redegisse,

53 3604 120 3711 sed
136 3616 307 3706 utrosque
323 3618 438 3683 tamen
452 3610 567 3684 minus
585 3609 796 3686 dilaceratos
821 3610 1050 3709 pluribusque
1070 3609 1346 3707 scaturiginibus

52 3750 266 3838 repurgatus
300 3742 503 3839 protulisse.
570 3741 616 3821 Si
657 3754 740 3842 post
780 3768 837 3817 me
881 3743 970 3817 alius
1009 3743 1088 3840 quis
1129 3741 1346 3818 fidelioribus

52 3873 314 3971 exemplaribus
339 3885 376 3949 et
401 3899 444 3950 00
471 3874 648 3974 diligentia
675 3885 779 3974 atque
805 3875 943 3973 iudioio,
972 3886 1063 3974 quae
1088 3877 1123 3949 in
1148 3874 1345 3950 huiusmodi

52 4027 137 4078 oure
164 4030 257 4103 opus
285 4031 370 4083 esse
395 4018 599 4106 noscuntur,
643 4033 734 4083 usus
759 4009 873 4104 suerit,
910 4010 1031 4084 forsan
1058 4033 1122 4084 eos
1147 4011 1193 4083 ita
1219 4031 1345 4084 emun-

53 4134 157 4234 dabit,
203 4149 242 4212 ut
277 4141 337 4237 qui
371 4142 500 4240 legerit
533 4144 649 4241 ipsum
673 4143 877 4217 Vitruvium
910 4144 968 4217 vel
995 4146 1096 4217 etiam
1123 4144 1341 4238 Frontinum,

50 4292 118 4342 sua
151 4294 327 4369 quemque
363 4274 582 4372 profitentem
616 4299 658 4350 se
694 4276 814 4351 audire
847 4285 1001 4352 censeat.
1051 4276 1135 4376 Fgo
1162 4300 1225 4373 pro
1252 4277 1343 4351 virili

50 4426 128 4478 mea
153 4405 235 4501 1001,
266 4406 361 4502 quod
386 4409 502 4507 potui,
530 4409 587 4482 alii
613 4409 728 4506 iniis,
755 4411 813 4485 vel
840 4411 930 4505 aliis,
959 4394 1105 4504 quorum
1132 4410 1234 4484 nobis
1255 4413 1342 4486 reli·

53 4538 155 4635 quiue
181 4548 356 4636 constant,
384 4542 585 4619 tantundem
610 4544 643 4619 si
668 4542 815 4620 leoerint
840 4541 1063 4635 conserendo,
1100 4552 1135 4615 01
1159 4567 1205 4618 ex
1230 4545 1341 4620 oolla-
