2978 4988
544 340 950 423 FRON'I'INUS

199 578 324 655 sedula
343 603 411 652 non
432 577 476 653 ad
498 576 711 677 diligentiam
723 577 839 674 modo,
862 601 985 663 verum
1008 563 1226 652 adamarem
1246 597 1385 672 quoque

201 698 413 771 commissae
440 697 491 768 rei
515 698 703 794 instigent3
730 697 845 792 sitque
870 719 962 768 nunc
988 695 1070 768 mihi
1095 696 1138 768 ab
1159 693 1285 768 Nerva
1299 690 1385 766 Au·

106 889 344 906 *ι-

204 1003 283 1058 1496
312 1001 343 1060 et
370 997 479 1058 Venet.
508 1013 554 1056 an.
583 1001 661 1057 leot
691 995 720 1056 in
742 994 845 1074 titulo,
873 995 923 1076 qui
950 995 1006 1057 toti
1031 992 1173 1055 volumini
1203 992 1388 1073 praefigitur,

203 1093 330 1159 habent:
373 1097 460 1158 Secti
480 1095 558 1157 dutii
579 1095 717 1157 Frontini
738 1096 775 1158 de
795 1114 893 1177 upum
913 1093 1052 1157 ductibus
1072 1094 1148 1155 tiber
1165 1113 1251 1155 uuus.
1276 1097 1308 1156 ct
1327 1093 1390 1154 Pa-

203 1196 272 1259 ris:
303 1196 383 1257 Jutii
403 1195 540 1256 Frontini
562 1195 599 1256 dc
620 1194 857 1278 aquaeductibus
877 1194 961 1256 urbis
981 1193 1097 1255 Romae
1117 1192 1193 1254 tiber
1212 1197 1338 1275 primus.
1353 1225 1390 1237 —-

203 1295 331 1357 Primum
360 1314 400 1355 ex
427 1293 484 1354 bac
513 1293 651 1354 lectionis
682 1294 827 1356 varietate
849 1294 1032 1355 manifestum
1055 1296 1117 1372 est,
1146 1292 1315 1354 Frontinum
1343 1293 1392 1352 in-

205 1394 379 1473 scripsisse:
402 1393 475 1457 Scu.
495 1393 574 1454 Julii
594 1391 778 1455 Frontiui-
786 1393 871 1454 tiber.
905 1392 940 1454 In
956 1392 1170 1454 recentioribus
1186 1393 1302 1472 quidem
1325 1392 1392 1456 edo.

206 1492 425 1570 distinguuntur
447 1491 517 1553 tibri
539 1491 607 1570 duo,
634 1496 665 1554 et
686 1491 820 1573 plerique
842 1510 945 1553 omnes
968 1492 1023 1553 viri
1044 1492 1134 1570 docti,
1157 1493 1206 1573 qni
1223 1510 1262 1552 ex
1280 1491 1393 1567 vulga-

206 1593 246 1654 tis
276 1592 343 1656 edd.
369 1591 478 1672 passim
509 1590 640 1653 Frontini
673 1591 842 1652 testimonio
880 1595 1017 1671 utuntur,
1054 1591 1165 1670 pariter
1195 1591 1270 1652 duos
1301 1589 1393 1651 libros

208 1691 401 1768 distinguunt,
424 1708 544 1771 quorum
566 1689 642 1751 aiter
663 1689 699 1750 ab
722 1689 789 1752 An.
813 1696 852 1752 64
880 1691 991 1770 incipit.
1033 1690 1194 1751 Praeterea
1221 1690 1249 1751 in
1277 1690 1345 1769 ipso
1369 1687 1393 1751 C

207 1795 279 1871 post
299 1791 368 1852 Art.
391 1796 430 1851 63
452 1788 537 1849 finem
558 1788 707 1866 legimus:
733 1789 829 1851 Liber
848 1794 963 1871 primus
984 1791 1119 1872 explicit.
1149 1790 1224 1851 tiber
1244 1790 1396 1852 secundus

209 1894 328 1971 incipit.
370 1888 480 1950 Verum
506 1886 581 1949 baec
604 1887 707 1968 verba,
730 1888 818 1948 rubro
842 1889 944 1950 colore
966 1890 1085 1968 inserta,
1118 1894 1186 1950 sunt
1207 1888 1334 1967 librarii3
1365 1892 1397 1952 et

210 2006 306 2069 neque
328 1988 357 2048 in
378 1986 415 2066 U,
438 1987 487 2068 qni
509 2005 548 2047 ex
570 1983 596 2049 (i
618 1987 757 2067 manavit,
779 2006 875 2068 neque
896 1989 926 2050 in
947 1989 977 2052 V
998 1993 1029 2050 et
1050 1989 1099 2048 ed.
1121 2006 1167 2068 pr.
1194 1987 1282 2047 ultum
1311 1988 1397 2049 istius

211 2076 408 2148 distinctionis
430 2086 590 2162 vestigium
612 2085 852 2164 deprehenditur.
900 2088 934 2150 In
956 2089 1023 2150 edd.
1046 2093 1142 2149 antem
1163 2085 1245 2150 Ftor.
1266 2089 1299 2148 et
1319 2088 1397 2149 Ven.

210 2186 287 2248 tiber
313 2206 390 2248 unus
421 2186 497 2246 idem
525 2203 593 2246 esse
621 2190 709 2266 atquc
737 2187 866 2266 simplex
897 2187 990 2264 liber,
1018 2206 1058 2248 ex
1086 2205 1122 2248 eo
1152 2191 1291 2266 apparet,
1320 2186 1399 2268 quod

212 2284 291 2346 nulla
317 2285 441 2365 amplius
469 2284 607 2345 librorum
637 2285 785 2346 distinctio
819 2287 848 2347 in
875 2287 912 2346 iis
941 2287 1067 2349 otientur.
1111 2285 1202 2349 Solus
1231 2274 1327 2346 Paris.
1355 2290 1400 2363 tot

211 2383 351 2445 librorum
372 2384 539 2446 auctoritati
561 2384 648 2444 cedat
669 2400 794 2446 neccsse
817 2389 874 2447 est.
897 2385 1025 2446 —Non
1047 2389 1104 2447 tarn
1127 2386 1216 2446 certis
1238 2384 1400 2446 rationibus

205 2488 346 2562 constat,
380 2486 527 2565 quomodo
556 2486 668 2566 reliqua
695 2484 771 2547 tituli
797 2504 869 2566 pars
896 2504 929 2546 se
951 2484 1104 2562 babuerit3
1142 2503 1302 2565 quanquam
1331 2482 1401 2543 mihi

212 2601 385 2663 persuasum
408 2589 465 2662 est,
488 2585 655 2648 Frontinum
678 2604 736 2646 non
757 2585 945 2663 inscripsisse
968 2584 1214 2666 ‹tuupuucductu
1233 2583 1317 2645 urbis
1333 2583 1402 2644 Ro-

212 2703 289 2758 mue,
312 2684 391 2764 quod
413 2684 546 2746 defendit
567 2683 640 2747 Son.
664 2688 713 2755 (v.
736 2684 893 2762 Annott.),
927 2682 981 2743 sod
1002 2683 1102 2761 potius
1124 2683 1162 2745 dc
1181 2701 1278 2765 upuuc
1299 2682 1412 2763 ductis

216 2780 303 2842 tus„
325 2780 408 2867 Quae
435 2783 589 2861 inscriptio
622 2801 681 2844 non
710 2782 805 2844 solum
832 2781 862 2842 in
890 2780 958 2847 cod.
989 2783 1084 2843 Paris.
1112 2785 1143 2844 et
1170 2782 1236 2843 edd.
1259 2778 1338 2843 Flor.
1371 2766 1403 2841 et

216 2879 305 2955 Van,
328 2879 382 2938 sed
405 2881 507 2959 etiam,
530 2881 633 2960 procui
657 2880 745 2942 dubio
767 2884 902 2942 veterum
925 2882 1011 2944 codd.
1034 2880 1191 2961 exemplo,
1219 2881 1248 2942 tn
1270 2878 1405 2941 omnibus

217 2979 285 3042 cdd.
307 2996 368 3038 rec.
393 2978 635 3059 deprehenditur.
664 2979 762 3065 Quare
783 2981 997 3060 vituperandus
1017 2979 1087 3042 mihi
1110 2999 1179 3042 esse
1201 2981 1319 3043 ridetur
1340 2981 1405 3042 Po-

218 3077 303 3140 ienns
326 3078 465 3160 [Proleg.
482 3099 513 3158 p.
528 3075 596 3160 20),
619 3081 667 3161 qni
690 3099 753 3141 eam
774 3081 804 3141 in
826 3081 1023 3161 suspicionem
1040 3081 1177 3158 vocavit3
1200 3098 1295 3160 neque
1309 3079 1406 3141 Hein-

217 3176 311 3239 ricbio
335 3179 472 3239 assentiri
493 3198 626 3260 possum,
649 3181 698 3262 qui
721 3180 885 3259 inscripsit:
914 3179 952 3242 de
977 3183 1065 3262 cquis
1086 3179 1169 3241 urbis
1189 3177 1305 3240 Romae
1322 3180 1406 3243 tiber.

219 3278 378 3340 Postremo
401 3278 609 3358 ed.·Frontini,
633 3297 707 3360 quac
729 3278 757 3340 in
780 3276 924 3359 0nuphrii
944 3279 1079 3340 Panvinii
1099 3278 1188 3356 Reip.
1211 3277 1299 3340 Rom.
1314 3275 1407 3340 Com'-

219 3383 309 3440 ment.
331 3383 454 3457 recepta
476 3382 533 3457 est,
556 3379 740 3442 inscribitur:
761 3377 796 3442 S.
817 3378 851 3441 J.
873 3377 1011 3442 Frontina·
1032 3378 1069 3440 de
1088 3376 1328 3460 aquaeductibus
1354 3397 1408 3439 ur-

222 3478 269 3540 bis
289 3477 406 3539 Romae
428 3481 642 3540 commentarii.
664 3478 693 3539 in
715 3477 836 3540 Graevii
856 3476 971 3540 Thes:
993 3477 1027 3538 S.
1048 3476 1082 3539 J.
1103 3476 1241 3537 Frontini
1261 3507 1301 3518 —-
1325 3495 1408 3565 comss

220 3580 393 3638 menturius.
436 3578 538 3658 Atque
560 3577 601 3639 ita
621 3577 770 3657 inscripsit
802 3564 888 3638 etiam
909 3574 1051 3654 Paiones,
1075 3579 1106 3635 et
1127 3591 1191 3634 cunr
1215 3590 1251 3632 eo
1274 3570 1411 3635 editores

224 3676 421 3756 posteriores.
464 3677 498 3737 ln
519 3695 603 3757 quam
626 3676 799 3739 sententiam
822 3676 918 3738 afferri
939 3673 1176 3753 ipsiusb'rontini
1197 3672 1300 3749 potest
1321 3674 1411 3734 testi-

224 3776 361 3854 monium,
384 3776 432 3856 qui
454 3774 523 3838 brt.
546 3783 565 3838 2
587 3777 704 3839 scribit:
726 3781 758 3838 iu
779 3777 858 3839 bunc
881 3776 1129 3836 commentorium.
1159 3774 1190 3832 et
1209 3769 1298 3848 paulo
1319 3771 1411 3835 infra:

225 3875 312 3937 buius
340 3879 552 3938 commentarii.
604 3876 699 3958 Atqui
726 3872 785 3937 hoc
807 3874 1020 3952 testimonium,
1046 3889 1101 3951 pro
1128 3868 1265 3930 librorum
1297 3871 1413 3934 scilicet

227 3974 413 4054 auctoritate,
436 3993 494 4035 non
515 3975 583 4056 plus
603 3976 696 4055 valet,
719 3993 753 4036 ac
775 3975 801 4034 si
822 3973 887 4054 quis
908 3968 1171 4048 strategematicon
1195 3968 1289 4030 libros
1315 3970 1413 4032 Fron-

228 4073 280 4136 tini
302 4090 343 4133 ex
364 4074 495 4136 Praefat.
516 4075 541 4138 1.
563 4075 668 4138 verbis
688 4073 855 4156 (expeditis
875 4071 1042 4152 amplectar
1063 4072 1300 4146 commentariis)
1331 4070 1415 4150 pari-

229 4176 275 4234 ter
296 4173 458 4235 inscribere
479 4176 571 4238 ausit:
612 4175 744 4256 Strctcp.
767 4173 980 4234 commentarii.

175 4318 198 4364 1.
235 4305 389 4385 deteputu)
411 4306 445 4367 F.
470 4307 630 4370 delectato.

235 4423 338 4468 comm.
354 4409 415 4480 rei)
438 4406 463 4466 B
482 4411 512 4469 et
528 4407 565 4468 al.
583 4423 645 4470 rec.
660 4407 716 4467 rei.

236 4507 392 4586 iustipent)
414 4504 521 4572 ΠΟ.
538 4508 667 4588 instipct.
684 4523 716 4566 v.
734 4499 858 4566 Annuit.
