2978 4988
446 346 518 459 on
545 349 736 446 neuen
761 340 1043 430 enormes,

102 576 175 659 ints
203 610 251 658 ex
276 587 400 658 vacuis
423 585 497 658 dori
520 589 667 683 possint.
700 587 779 659 Has
806 608 917 682 equas
945 585 1061 656 statim
1088 580 1293 658 intercidere

109 702 287 779 solebant.
324 716 363 774 ut
389 702 504 775 medio
532 717 690 798 tempore
716 701 907 774 venderent
933 713 992 772 aut
1020 702 1293 796 possessoribus

108 818 326 914 praediorum
363 830 420 890 unt
453 819 530 890 eliis
565 819 676 890 etiem.
729 819 926 889 iiurnanius
952 831 1067 889 eutem
1094 822 1209 888 risum
1237 830 1293 889 est

106 934 265 1031 Principi
305 947 445 1026 nostre,
486 960 530 1006 ne
569 933 711 1032 praedia
747 931 863 1008 subito
897 932 1186 1024 destituerentum
1227 935 1291 1004 tri-

106 1052 203 1146 ginta
239 1049 371 1123 dierum
403 1052 555 1147 spetiem
587 1051 778 1148 indulgeri,
814 1053 902 1124 intra
929 1048 1022 1145 qnod
1048 1051 1091 1132 ti,
1127 1049 1171 1121 ad
1199 1072 1289 1144 quos

104 1191 164 1238 res
192 1168 398 1262 pertineret,
429 1166 661 1262 dispertit-ent.

177 1283 237 1355 De
272 1307 360 1378 aqua
395 1288 429 1354 in
463 1282 603 1379 praedia
637 1283 812 1356 socierum
841 1281 919 1354 dota
951 1281 1033 1354 nihii
1061 1282 1289 1355 constitutum

104 1401 265 1472 invenie:
304 1398 444 1494 perinde
477 1411 590 1471 tumeo
624 1400 834 1471 observatur
860 1423 902 1470 uo
928 1400 1003 1470 iure
1030 1409 1188 1484 cautum,
1223 1413 1288 1492 ut,

104 1515 202 1587 dum
238 1519 342 1610 quis
377 1538 429 1586 ex
463 1515 542 1605 iis,
579 1520 652 1612 qui
678 1521 977 1588 communiter
1003 1520 1287 1610 impetrave-

104 1645 225 1727 runt,
267 1646 568 1728 superesset,
609 1644 736 1704 totus
774 1631 931 1704 modus
964 1630 1172 1729 praediis
1208 1655 1287 1703 as·

120 1821 354 1838 Μ

145 1915 222 1976 nihii
243 1913 358 1997 const.)
383 1915 411 1977 V
433 1914 475 1977 F:
496 1920 559 1979 nisi
580 1926 677 1980 const.

143 2017 369 2095 perinde—uc)
390 2017 420 2077 V
441 2015 481 2078 F}
502 2018 642 2098 proinde.
666 2037 699 2076 v.
721 2018 847 2078 Annntt.

144 2115 335 2195 superesset)
357 2115 384 2177 U
404 2116 453 2177 V:
476 2135 646 2198 superesse.

144 2215 251 2277 modus
270 2237 319 2297 pr.
341 2219 421 2287 ass.)
454 2216 501 2277 V:
524 2215 631 2276 medos
653 2256 788 2276 .....
809 2235 884 2276 osse
902 2226 1061 2295 pronatus.
1115 2217 1152 2278 F:
1182 2217 1289 2278 modus

103 2318 220 2393 intepro
243 2358 251 2374 .
274 2359 283 2375 .
307 2356 316 2373 .
340 2358 349 2374 .
371 2319 437 2376 ossi
456 2324 615 2396 pronatus.

145 2415 278 2475 desisset
297 2409 440 2496 pirisque)
461 2415 540 2489 Leg.
563 2434 629 2475 enm
651 2413 794 2474 desiisset
813 2432 883 2473 esse
905 2417 1031 2494 pnispne
1051 2434 1089 2473 ex
1111 2420 1159 2489 iis,
1183 2417 1289 2496 peribus

104 2513 207 2574 cletum
222 2522 291 2575 erat
303 2513 478 2595 possidere.
507 2513 559 2586 Dc⁴
573 2513 716 2574 desiisset
730 2530 798 2571 esse
813 2511 946 2573 Brissoo.
964 2532 993 2571 r.
1005 2512 1122 2574 desino.
1151 2514 1288 2580 ttfflNit.

106 2631 135 2675 v.
157 2613 282 2674 Anoott.
325 2611 415 2675 GU:
438 2613 571 2674 desisset
589 2617 752 2695 puispumn.
793 2610 823 2671 V
843 2610 866 2670 F
886 2611 905 2669 J
913 2625 921 2669 t
945 2610 1099 2690 dedisset,
1129 2615 1150 2673 i.
1174 2632 1202 2674 e.
1232 2618 1289 2677 de-

104 2714 208 2773 sisset.
252 2711 305 2773 Sic
333 2711 401 2772 Art.
436 2715 493 2773 103
524 2716 587 2773 tres
617 2711 704 2772 codd.
729 2710 856 2771 desisse.
899 2710 968 2771 Pei.
991 2729 1030 2771 ex
1052 2714 1144 2775 soei
1167 2720 1199 2775 et
1220 2717 1298 2776 edd.

104 2828 171 2874 rec:
195 2811 349 2873 desiisset.
392 2812 450 2872 Pro
471 2812 635 2893 possidere
656 2809 682 2871 U
702 2809 793 2871 habet
813 2810 1006 2890 praesidere.
1028 2810 1057 2873 V
1074 2818 1104 2874 et
1126 2813 1200 2879 edd}
1223 2824 1292 2876 eret

103 2911 215 2972 dotem.
237 2910 325 2971 iidem
347 2924 386 2972 et
405 2911 464 2974 itis.

143 3009 221 3092 imp.
243 3017 368 3093 aquom)
412 3011 491 3072 tnbrt
516 3029 618 3072 omnes
639 3009 810 3092 impetrato
831 3029 922 3091 upon.
962 3005 1037 3071 Tum
1061 3010 1102 3074 C:
1124 3013 1228 3092 petant
1248 3024 1289 3087 st,

103 3112 124 3170 i.
148 3130 175 3171 e.
198 3109 293 3187 lruiom
316 3115 374 3173 est.
408 3110 486 3192 qnod
517 3111 722 3188 compendium
748 3109 886 3170 librarius
913 3109 1030 3170 codicis
1053 3107 1078 3170 U
1106 3114 1240 3189 corrupit
1260 3115 1290 3172 in

103 3210 218 3270 litteras
240 3231 268 3270 s.
290 3229 329 3284 e,
352 3210 466 3270 codicis
492 3208 520 3270 V
542 3211 572 3270 in
593 3210 641 3286 S.‚
673 3209 766 3270 aiters
786 3209 887 3271 littera
908 3210 1038 3289 omissu3
1067 3227 1106 3270 ex
1135 3229 1192 3289 qno
1221 3211 1289 3271 edi-

103 3314 186 3369 tores
207 3308 265 3368 sibi
287 3307 466 3369 effinxerunt
486 3307 520 3370 8.
545 3327 629 3370 cons.
651 3312 682 3369 e
702 3308 736 3370 S.
761 3308 901 3383 eonsoi.,·
938 3309 986 3368 cui
1004 3307 1037 3366 S.
1062 3306 1120 3368 Cio
1143 3308 1290 3369 videlieet

102 3425 255 3486 perperam
277 3406 481 3487 patrocinatur
503 3405 627 3469 Corrod.
673 3406 812 3486 Denique
834 3415 977 3488 oportere
997 3407 1025 3466 in
1048 3407 1116 3466 edd.
1134 3425 1196 3467 ree.
1213 3426 1288 3485 pes-

102 3507 266 3568 sumdatum
290 3508 319 3567 in
341 3515 470 3588 eportet.
512 3505 612 3568 Palem
635 3512 701 3584 est,
735 3507 764 3566 in
793 3507 881 3567 codd.
911 3505 1050 3566 librarios
1070 3523 1125 3583 per
1145 3508 1287 3567 incuriam

101 3604 281 3685 neglexisse
304 3604 415 3668 litteris
436 3604 572 3666 finalibus
593 3624 614 3664 a
635 3606 848 3666 vocabulorum
869 3610 1032 3686 impetrato
1052 3624 1135 3686 aqua
1150 3604 1301 3666 lineolam·

102 3703 180 3765 ilium
203 3707 403 3766 transversam
425 3705 595 3782 imponere3
625 3723 708 3785 quaro
736 3724 824 3787 quum
853 3706 884 3765 io
905 3704 1054 3765 vocabulo
1077 3708 1238 3786 impetrate
1259 3707 1289 3766 in

101 3801 284 3865 CPoienns
306 3803 423 3865 vidisse
445 3806 591 3882 testetur,
628 3801 679 3864 iric
708 3805 807 3864 codex
834 3805 982 3880 integram
1012 3803 1144 3865 Frontini
1175 3822 1299 3865 uranum

99 3921 229 3964 serrare·
247 3907 383 3982 apparet,
405 3903 491 3964 euius
512 3900 588 3963 haee
607 3907 659 3990 est
679 3902 837 3979 syntaxis:
875 3902 969 3981 palem
992 3907 1057 3980 est,
1095 3921 1198 3986 equam
1220 3904 1288 3964 duei

98 4019 158 4064 uon
181 4006 333 4081 oportere.

139 4101 223 4172 olio)
244 4099 324 4164 scir:
345 4104 378 4163 io
397 4099 472 4163 aiio.

140 4217 229 4279 quem
250 4215 289 4260 ex
310 4196 386 4282 prro)
410 4199 440 4261 V
461 4201 493 4260 e
513 4199 590 4262 edd:
613 4219 700 4283 poem
723 4218 780 4283 pue
802 4220 842 4264 ee
862 4220 911 4284 ep.

139 4295 319 4372 continebit)
342 4298 388 4361 lte
410 4317 452 4360 ex
475 4296 501 4362 G
522 4298 590 4360 Pol.
614 4299 718 4365 Ceteri
740 4299 809 4363 liini
831 4298 1037 4365 meratitae.
1069 4298 1149 4362 Scir:
1173 4316 1286 4360 coom-

98 4395 201 4460 outae
225 4395 274 4461 Gi.
296 4397 426 4462 Aunott.

137 4495 334 4578 prohibetor]
355 4497 378 4560 F
398 4496 436 4562 i:
453 4496 624 4580 prodiisse.

1323 347 1420 422 109-
