2978 4988
520 337 962 418 ANNO'PA'I'IONES.
1307 336 1381 414 181

183 805 395 879 Laeiconmn)
423 823 478 884 per
503 825 524 867 v
551 805 680 867 litteram
706 805 786 868 lllss.
807 807 954 869 Frontini.
997 805 1062 867 Alii
1082 823 1138 884 per
1159 804 1187 866 b.
1228 804 1381 868 Drakaab.

104 921 140 981 ad
162 919 230 981 blr.
248 919 289 981 ll.
304 924 355 984 39.
398 921 538 984 Garatou.
560 922 598 983 ad
620 921 687 985 Cic.
708 921 813 984 Plane.
836 939 864 984 c.
878 924 916 983 9..
952 917 1060 982 Graecl
1083 921 1186 982 ‘eadem
1207 921 1384 982 inconstan-

102 1037 144 1097 tla
164 1037 253 1097 modo
274 1055 330 1114 per
352 1039 405 1097 uvi
422 1037 572 1116 scribunt,
601 1039 690 1099 modo
711 1055 767 1118 per
789 1037 819 1114 β.
861 1036 927 1098 Nec
949 1053 1040 1097 sanae
1060 1036 1169 1096 mentis
1191 1039 1239 1098 est
1259 1036 1290 1098 ln
1311 1037 1362 1099 tan

101 1151 165 1213 tllla
186 1169 219 1213 re
240 1155 292 1214 aut
312 1151 412 1229 legem
434 1157 542 1215 certam
564 1157 616 1216 aut
636 1154 833 1217 constantiam
854 1156 1002 1232 spectare.
1044 1148 1184 1214 Hllllt'll.

181 1530 374 1609 Lucilianae)
402 1533 448 1596 lta
469 1535 559 1597 cedd.
593 1533 644 1598 (li.
667 1534 703 1595 ud
725 1533 794 1596 Art.
810 1539 842 1596 b.
876 1531 1112 1614 concipiebatur
1133 1533 1231 1609 Virgo
1253 1534 1284 1592 in
1305 1547 1381 1608 agro

101 1648 286 1730 lucullana,
315 1651 371 1712 sed
398 1652 428 1711 in
455 1669 543 1712 arcus
569 1650 771 1730 recipiebatur
791 1648 849 1711 sub
870 1648 968 1711 bortis
988 1649 1164 1712 Luciliauis.
1208 1645 1381 1725 „Nardinun

101 1763 155 1826 lv.
180 1767 197 1826 i
230 1771 343 1844 partem
365 1766 456 1827 collis
478 1765 671 1829 Hortulorum
692 1764 826 1844 Regiani
848 1764 894 1827 lX
914 1765 1066 1842 attribuit,
1095 1767 1127 1825 ut
1147 1762 1299 1825 hortorum
1321 1780 1382 1824 uo-

100 1881 276 1941 miuatorum
296 1879 467 1961 bcc'loco,
494 1900 570 1963 quos
592 1880 644 1944 ille
666 1900 724 1943 uon
745 1901 800 1962 pro
821 1882 1014 1958 buciliunie,
1035 1881 1091 1941 sed
1112 1896 1168 1968 pro
1189 1878 1382 1944 bucoltiuaia

99 1996 243 2073 assumit,
271 1998 386 2075 positio
409 1999 600 2059 consentiret
628 2016 693 2060 cum
718 1997 787 2060 Rufi
814 2002 902 2080 atque
923 1997 1060 2059 Victoris
1082 1996 1301 2075 descriptione,
1329 1993 1380 2074 qul

100 2114 215 2190 ponunt
236 2112 266 2171 in
288 2112 429 2190 Regione
450 2112 496 2174 lX
515 2113 621 2175 borlas
640 2113 841 2176 Lucullanae.
874 2113 954 2199 Quid
976 2116 1073 2175 tauron
1093 2114 1195 2190 vetat,
1216 2112 1287 2192 quiu
1309 2125 1380 2169 cre-

102 2223 225 2304 damus,
257 2227 428 2288 Frontinum
451 2228 652 2290 nominavisae
673 2228 782 2290 bertus
808 2230 845 2289 ad
868 2230 995 2310 aliquem
1017 2227 1163 2288 Lucilium
1184 2226 1380 2304 pertinentes,

101 2342 190 2421 atque
211 2341 282 2402 ideo
303 2342 486 2404 Lucilianos
506 2338 742 2423 nuncupatosl“
774 2343 887 2405 Scribit
912 2343 987 2405 haec
1008 2341 1076 2404 Pol.
1108 2342 1147 2404 llt
1169 2344 1253 2403 crant
1272 2355 1381 2400 reuera

100 2452 200 2533 barti,
223 2458 340 2519 numine
361 2459 539 2535 baciliaai,
563 2464 595 2522 ut
615 2459 770 2521 retulimus
791 2461 828 2519 ad
850 2457 920 2519 Art.
938 2465 967 2522 5.

180 2587 311 2667 frontem
332 2590 512 2672 Septorum)
546 2590 641 2670 Septa
660 2590 741 2652 Julia
761 2591 930 2670 Agrippae.
961 2590 1023 2651 Dio
1046 2587 1134 2652 Cass.
1157 2588 1212 2650 111.
1229 2592 1280 2651 23.
1312 2584 1379 2648 Cic.

102 2702 138 2764 ad
159 2705 226 2766 Att.
249 2703 303 2767 lv.
326 2711 376 2770 16.
397 2711 503 2784 pilli
526 2708 598 2769 llru.
622 2708 661 2769 cl.
684 2705 821 2769 Schultz.
845 2705 1010 2785 Grundleg.
1033 2725 1064 2785 p.
1082 2709 1153 2768 219.
1185 2704 1262 2766 Plin.
1284 2701 1325 2763 ll.
1337 2700 1376 2763 N.

104 2823 150 2883 lc.
187 2839 218 2899 p.
248 2825 315 2884 133.
358 2819 408 2882 Ab
442 2822 592 2887 Hadriano
624 2825 804 2903 instaurata,
842 2821 992 2904 Spartian.
1027 2822 1117 2886 Hadr.
1149 2829 1196 2884 19.
1238 2817 1378 2886 HnlNlt.

101 2932 173 2998 Scb.
195 2935 220 2996 l.
246 2939 293 2998 li.

183 3073 292 3139 acum)
322 3070 459 3132 Notanda
487 3077 534 3133 est
559 3072 673 3134 locutio
696 3093 778 3156 aqam
799 3077 919 3154 aqitur,
948 3091 1006 3156 qua
1027 3075 1152 3134 natione
1174 3089 1231 3132 nos
1254 3071 1380 3131 dicimur

103 3186 183 3264 ,das
200 3185 326 3246 Wasser
347 3187 480 3267 treibt“,
507 3183 729 3264 significatione
752 3193 857 3250 neutra
878 3209 932 3269 pro
955 3188 1059 3266 „wind
1080 3184 1338 3266 t'ortgetrieben“.
1461 3228 1464 3233 »

715 3422 767 3482 23.

182 3570 334 3642 rationis)
365 3568 493 3630 Gesner.
517 3571 547 3630 in
567 3590 599 3631 v.
622 3588 667 3632 nr.
684 3574 716 3632 2.
758 3568 896 3632 lllllNll.
1395 3605 1419 3645 Ι

182 3704 300 3762 numiam
329 3706 532 3783 palmariarum
561 3707 640 3776 etc.)
672 3702 774 3764 Verba
800 3707 1005 3784 primariorum
1031 3707 1328 3788 centenariumque
1351 3710 1385 3765 ot

101 3825 266 3877 ceterorum
288 3837 347 3879 nan
369 3822 439 3878 suut
461 3819 607 3880 Frontiui.
643 3818 770 3879 Nomina
791 3821 868 3880 enirn
890 3819 1073 3880 modulemur
1097 3823 1156 3880 turn
1180 3821 1293 3881 demum
1314 3821 1382 3882 vult

101 3932 254 4010 prolerre,
285 3953 371 4014 quum
399 3953 499 3995 curum
528 3937 676 4013 originem
698 3939 889 4015 naturamque
911 3937 1063 4014 exposuit
1107 3932 1198 3998 SCH.
1240 3936 1308 3998 Non
1330 3939 1380 3996 ln-

101 4050 223 4110 tellexit
244 4050 291 4109 vir
312 4050 419 4112 doctus
441 4050 582 4131 loquendi
605 4052 860 4112 consuetudinem.
895 4053 1013 4147 lltenim
1035 4053 1102 4130 ipso
1123 4052 1242 4113 nominc
1263 4051 1380 4113 listulae

100 4165 328 4227 nominabuntur
354 4168 520 4247 quinariae,
548 4169 737 4229 centenariae
760 4172 818 4230 etc.
847 4172 877 4229 ct
897 4169 1027 4246 genitivi
1051 4172 1255 4251 qru'nara'urnm
1276 4179 1380 4230 cente-

99 4288 314 4365 nariarnmque
333 4287 483 4362 ponuntur
503 4283 573 4345 laco
595 4284 776 4363 accusativi,
796 4304 879 4346 ruore
901 4284 1059 4364 loquendi,
1083 4285 1120 4346 de
1142 4302 1200 4365 quo
1221 4285 1258 4345 ad
1279 4286 1380 4350 Arta

101 4401 242 4462 dlxlmus.
285 4400 390 4480 ltaque
409 4400 565 4477 intellige:
594 4401 767 4482 Priusquam
790 4402 906 4461 nomina
927 4398 1091 4482 quinarias,
1118 4400 1304 4464 centenarias
1326 4421 1381 4464 co-

100 4520 222 4599 teraquc
244 4516 404 4578 fistularum
425 4518 542 4578 uomina
563 4521 729 4599 prolcramr
760 4535 815 4577 seu
839 4517 949 4576 clarius
971 4519 1076 4578 eliam:
1098 4515 1270 4597 Priusquam
1292 4517 1381 4579 bstu-
1422 4586 1425 4591 ,
