2978 4988
140 360 192 436 50
578 359 983 443 ultott'ttttc's

240 598 425 692 oppositus
458 604 494 665 et
527 592 705 689 decem,
743 595 892 692 amplius
926 599 1032 694 rapit3
1070 599 1113 670 acl
1141 601 1232 674 latus
1259 614 1420 701 practor-

239 711 352 783 cuntis
392 733 504 806 aquae
530 733 727 783 conversus
755 720 789 783 et
814 713 981 810 supimm,
1025 713 1058 786 id
1093 729 1149 788 ost
1182 717 1225 790 ad
1258 718 1420 793 larrstum

238 832 391 923 pronior,
435 828 592 925 segniter·
625 828 794 923 exiguum
820 830 935 901 sumit.
984 828 1055 903 lost
1082 842 1196 905 autem
1223 835 1316 907 calix
1342 862 1420 909 mo-

235 943 339 1016 dulus
366 967 510 1037 acnous,
538 943 594 1037 qui
621 943 697 1015 rivo
722 943 782 1015 val
807 944 953 1016 castello
979 945 1141 1043 induitur,
1176 949 1256 1023 huic
1282 951 1420 1026 fistulae

235 1060 461 1158 applicantur.
524 1056 728 1156 [iongitudo
770 1060 847 1132 eius
886 1059 1015 1136 habere
1048 1062 1153 1137 lebet
1186 1065 1316 1152 dicitas
1351 1093 1418 1141 non

232 1176 349 1248 minus
364 1173 567 1264 duodecim
594 1176 721 1270 lumen,
749 1174 784 1248 id
809 1183 866 1248 est
890 1179 1129 1275 capacitatem,
1157 1193 1284 1276 quanta
1303 1184 1417 1281 impe-

232 1302 307 1364 rata
342 1291 457 1364 luerit.
514 1288 755 1388 Excogitatus
787 1290 937 1387 videtur,
979 1295 1140 1389 quoniam
1174 1301 1273 1395 rigor
1306 1301 1413 1395 aerio,

232 1404 406 1481 difficilior
432 1406 475 1480 ad
501 1405 645 1502 llexum,
672 1428 741 1480 non
764 1414 895 1481 temera
915 1421 1034 1506 potest
1047 1411 1156 1484 laxari
1171 1413 1228 1486 vol
1251 1419 1413 1490 coartari.

157 1520 207 1595 37
331 1524 521 1600 Famulus
545 1521 775 1623 modulorum,
802 1528 863 1619 qui
888 1536 979 1613 sunt,
1009 1551 1130 1603 omnes
1157 1529 1282 1626 viginti
1309 1534 1412 1627 quin-

230 1663 299 1736 que
325 1642 471 1736 subieci,
501 1640 661 1734 quamvis
687 1638 721 1710 in
746 1661 816 1711 usu
842 1639 1034 1734 quindecim
1062 1654 1192 1717 tantum
1209 1646 1411 1743 frequentas

128 1837 376 1857 *1-

266 1957 301 2020 ta
321 1953 563 2041 est-pronior.)
585 1955 605 2017 J
617 1953 758 2036 (Polemi)
780 1956 805 2015 B
827 1960 858 2017 ct
878 1956 919 2016 al.
942 1974 1008 2021 rac:
1030 1978 1088 2021 aec
1108 1959 1152 2021 ad
1172 1960 1201 2022 l.
1221 1980 1348 2043 pronas.
1373 1965 1411 2025 ut

224 2059 271 2120 sic
292 2056 432 2134 vulgavit
453 2055 597 2134 Polcuus,
620 2055 688 2116 scil.
710 2072 769 2116 uon
792 2055 946 2116 intcllccta
968 2055 1106 2118 librorum
1130 2057 1201 2122 GU
1224 2059 1241 2119 J
1264 2061 1408 2142 lectione,

224 2158 311 2218 ouius
332 2158 502 2220 auctoritati
525 2159 608 2217 rcctc
625 2156 847 2234 patrocinantur
869 2155 992 2219 Corrad.
1016 2163 1046 2218 ct
1066 2157 1172 2219 llciru.
1210 2157 1286 2222 VF:
1307 2167 1407 2243 sapia.

222 2255 266 2318 ad
287 2265 447 2335 captatam
465 2257 602 2338 pronior.
771 2256 780 2273 '

270 2359 405 2435 capaciter
426 2352 525 2435 eaip.)
556 2355 575 2415 J
597 2358 628 2416 ct
644 2369 711 2415 rec:
734 2357 941 2435 ecipaampae.
971 2353 1044 2416 Vl':
1061 2358 1148 2435 sipao
1165 2361 1315 2437 eaipucm.
1358 2360 1407 2423 lix

220 2456 333 2537 quibus·
357 2453 429 2518 Sclr.
452 2455 554 2516 linxlt:
587 2458 759 2533 capaciter
780 2456 986 2534 eaipaampae.
1025 2458 1071 2516 ctt
1100 2459 1269 2536 aequiorem
1295 2463 1407 2523 cattam

220 2558 359 2618 assumit.
395 2556 518 2616 Frustra
542 2558 706 2634 utrumque.
729 2572 761 2612 v.
785 2552 911 2613 Aunott.
1059 2613 1064 2621 ,

268 2655 331 2716 lta
351 2665 450 2716 atatem
474 2652 550 2727 cal.)
594 2652 640 2714 V:
663 2671 729 2713 cara
751 2661 805 2711 act
827 2651 886 2712 cat.
929 2651 967 2713 F:
990 2672 1057 2714 cant
1078 2661 1132 2715 aut
1153 2655 1233 2717 alter
1253 2657 1404 2720 modulus.

217 2754 328 2816 Totum
350 2752 447 2813 locum
470 2770 564 2834 usquo
587 2751 623 2811 ad
646 2751 732 2811 linaro
756 2750 823 2810 Art.
854 2750 969 2812 lanruat
991 2750 1083 2829 Sala,
1123 2758 1155 2815 ut
1182 2772 1200 2815 a
1227 2754 1402 2830 glossatore

216 2854 395 2932 proiectum.
524 2887 529 2897 ·

266 2952 316 3012 ael
338 2956 435 3022 caat.)
460 2948 502 3013 C:
526 2960 558 3010 at
580 2960 660 3011 caat.
685 2949 778 3038 (luam
799 2948 974 3009 variotatem
997 2951 1127 3010 natanti
1150 2970 1219 3013 csse
1240 2959 1321 3033 puta
1344 2955 1402 3016 Ni-

217 3052 318 3112 mirum
341 3051 428 3110 ctiam
452 3051 528 3111 inl'ra
550 3050 616 3120 (cel
639 3044 807 3126 coartari),
845 3047 916 3108 ilem
936 3046 1004 3109 Aa.
1027 3052 1076 3113 89.
1101 3053 1169 3111 122.
1195 3055 1253 3113 129
1274 3052 1400 3137 aliisque

215 3151 295 3212 locis
317 3167 376 3211 uon
398 3151 426 3209 in
450 3147 475 3211 C
497 3147 610 3224 solum,
639 3148 692 3209 scd
719 3146 791 3207 aliis
817 3165 936 3227 quoquc
965 3146 1088 3208 allorum
1111 3151 1289 3228 scriptorum
1312 3156 1400 3215 corli-

217 3245 507 3328 cibuo,'particulam
535 3248 586 3310 ccl
612 3248 754 3327 scrlptum
784 3245 1034 3324 doprcltcmlimns
1054 3265 1109 3326 pcr
1130 3251 1335 3328 cornpcndium
1358 3255 1400 3327 at,

214 3349 398 3428 superducta
418 3365 473 3426 pcr
494 3346 620 3407 litteram
644 3347 656 3407 l
676 3346 755 3406 linca
776 3345 987 3423 circumllcxa,
1016 3348 1097 3427 quod
1127 3353 1243 3426 captum
1275 3354 1323 3411 cst
1344 3370 1398 3430 pro

214 3459 257 3523 at,
281 3466 344 3510 cum
368 3447 476 3508 ‹lcbcat
496 3465 551 3525 pro
574 3447 607 3507 cl
629 3447 648 3509 i.
672 3463 699 3507 o.
720 3443 783 3506 val.

262 3548 334 3609 lactc
352 3546 412 3626 [iot.
435 3546 573 3628 applic.)
607 3545 694 3606 uncis
716 3543 837 3606 inclusit
858 3543 962 3604 lloinr.
1005 3543 1022 3604 .l
1052 3548 1083 3605 ct
1110 3560 1177 3607 rec:
1208 3549 1398 3628 applicatur.

212 3644 243 3707 V
263 3648 305 3709 t:
333 3647 522 3726 applicatas.
1294 3684 1298 3695 ·

262 3743 297 3806 iol
316 3755 364 3806 cot
385 3738 540 3826 capacia]
563 3742 589 3806 C
611 3738 653 3804 U:
676 3747 863 3824 capacitate.
907 3741 978 3806 Sch.
1004 3742 1061 3803 ΙΙΙ.
1083 3748 1140 3821 21,
1168 3743 1264 3804 lumea
1286 3748 1317 3806 ol
1339 3767 1397 3808 ca-

208 3848 377 3928 pacitatem
394 3843 512 3904 dllicrrc
535 3841 728 3919 contendens,
752 3840 845 3918 legit:
867 3841 964 3902 latren
985 3844 1052 3903 ciat
1073 3845 1289 3922 capacitatem.

263 3947 349 4023 ripor
370 3947 454 4004 aerio
475 3946 551 4016 cto.)
573 3961 604 4002 v.
628 3941 753 4002 Annott.

147 4061 179 4113 37
262 4041 361 4105 Forat.
381 4040 462 4103 mod.
485 4036 561 4120 cto.)
585 4040 683 4104 Codri.
705 4045 785 4104 tras:
809 4041 947 4101 coartari
964 4039 1314 4119 formalaomodatoram
1331 4042 1375 4113 (C
1387 4059 1395 4105 τ

215 4144 364 4204 coartari.
389 4138 549 4202 Formalaa
575 4141 671 4214 mccl.)
700 4144 752 4223 pai
776 4149 846 4201 aaut
873 4157 974 4198 omacc
993 4137 1094 4211 XXV
1109 4137 1251 4215 subiecti,
1274 4158 1393 4221 pacata.

212 4240 295 4303 uto:
324 4244 493 4301 coarctari.
534 4241 680 4302 Fonaala
704 4239 892 4301 modulorum
919 4240 970 4317 pat
991 4246 1062 4298 aaut
1082 4255 1182 4298 amaea
1203 4237 1300 4301 XXV
1318 4239 1393 4301 sat-

214 4340 297 4415 iectti
320 4358 439 4422 quamv.
462 4336 535 4402 Sclr.
552 4340 704 4403 amandat:
726 4336 885 4402 Formalao
907 4334 1096 4396 modulorum
1119 4331 1186 4418 [poi
1210 4331 1294 4418 caat]
1327 4356 1393 4401 oar·

212 4444 292 4501 aiam
312 4436 412 4503 XXV
428 4438 554 4516 actiaci,
578 4459 697 4523 paamo.
733 4437 852 4516 Optime
883 4433 1020 4500 calleci:
1057 4454 1123 4496 nam
1147 4441 1199 4498 aot
1219 4439 1261 4500 ita
1281 4437 1392 4514 lagon-

212 4539 297 4619 dutn,
326 4541 376 4604 aut
400 4542 472 4622 post
493 4539 590 4606 locati
610 4557 713 4600 sumac
734 4535 784 4596 val
805 4543 992 4597 cacaverant
1014 4536 1155 4597 omissum
1178 4554 1248 4598 asse
1270 4538 1391 4600 verbum
