2978 4988
486 336 928 417 ANNOTA'rloNlas.
1275 339 1350 416 187

62 573 104 633 sit
132 571 421 655 determinatisque,
453 575 540 637 ctiam
567 591 623 653 pro
651 575 753 636 nutura
778 573 961 636 modulorum
988 575 1064 634 surii
1086 575 1199 653 potest.
1242 573 1349 656 Neque

64 688 187 748 lutiulor
208 705 304 768 nequo
326 687 445 750 facilior
467 689 622 767 cxplicntn
644 707 710 749 vox
730 692 906 771 sequentiae
926 690 994 751 visa
1010 691 1069 750 cst.
1112 686 1202 751 Pon.
1242 687 1353 752 Multi-

63 802 189 882 plicntio
218 804 260 864 ita
287 802 379 864 dohot
407 804 489 880 fiori,
518 807 551 866 ut
577 805 651 865 ordo
672 800 711 883 {ct
738 807 842 867 natura
862 802 1065 883 modulorum,
1094 804 1144 886 qni
1165 803 1353 882 augebantur

65 919 238 978 adlectione
276 916 327 978 rol
359 918 605 998 multiplicatione
638 919 850 1001 mintriacum,
888 920 1036 981 servetur.
1077 918 1230 983 nolint
1272 918 1353 982 lllud

65 1034 204 1112 reputum
224 1039 401 1116 sequentiae
421 1054 497 1094 suae
517 1053 661 1113 cervara,
685 1034 763 1116 quod
786 996 1040 1110 rectius'iudico,
1067 1035 1180 1112 pariter
1200 1038 1289 1117 atquc
1311 1035 1353 1096 il-

65 1148 116 1208 lud
139 1149 278 1210 Artas:
298 1154 521 1232 propositaque
536 1150 660 1229 reputa,
681 1149 725 1211 ud
746 1169 835 1232 quum
856 1152 936 1210 rectio
959 1167 1060 1210 corum
1080 1155 1113 1210 ct
1131 1152 1245 1213 initium
1267 1169 1353 1229 cont-

64 1273 208 1345 pututur,
231 1267 362 1342 pertinet
384 1266 419 1324 nd
443 1265 630 1344 computandi
651 1266 794 1327 rationein
816 1262 1016 1326 Romanorum
1039 1283 1103 1326 cunr
1124 1264 1228 1328 abaco.
1261 1264 1353 1330 scil.

684 1471 734 1527 36.

147 1612 191 1672 nd
213 1612 296 1679 tutus
316 1647 355 1656 —
379 1617 485 1683 cono.)
509 1615 529 1674 i.
548 1631 576 1674 e.
599 1613 718 1674 orificio.
737 1613 767 1673 in
785 1610 862 1674 intus
879 1614 948 1674 sivo
965 1612 1101 1675 dextrum
1119 1614 1187 1674 sivo
1203 1613 1354 1675 sinistrum

67 1727 233 1811 inclinato,
264 1736 295 1788 ut
317 1746 414 1809 nequa
436 1730 594 1789 adifcrsum
617 1731 713 1790 rivum
735 1727 851 1790 hauriat
872 1747 969 1810 ncqnc
992 1730 1124 1790 secundo
1147 1728 1213 1789 rivo
1234 1729 1354 1808 vergat,

67 1850 98 1903 ot
120 1842 265 1922 aquandi
287 1843 479 1922 practcrliuat
502 1843 551 1904 vol
574 1861 614 1904 cx
636 1848 720 1924 parte
743 1848 854 1906 tantum
876 1843 1037 1906 hauriatur.

149 1962 291 2038 supinus)
320 1957 505 2037 proclinatas
528 1961 559 2020 ct
580 1961 779 2037 procumbens
800 1962 961 2022 secondum
984 1961 1114 2022 naturam
1136 1960 1205 2021 rivi.

150 2075 183 2134 tut
212 2084 258 2136 cot
282 2107 324 2116 -
348 2077 497 2155 pronior]
535 2076 676 2154 pronior,
706 2094 791 2156 quarn
818 2078 852 2137 ut
879 2074 997 2137 lraurirc
1023 2076 1141 2155 possit,
1171 2075 1191 2140 i.
1209 2094 1237 2137 c.
1260 2076 1355 2138 minua

68 2191 212 2266 idoneuS,
239 2190 289 2270 qui
312 2188 439 2249 hauriat.

70 2340 74 2347 ·
150 2307 298 2384 aequiter)
328 2303 467 2381 cupidine
489 2303 619 2382 minoio,
642 2310 801 2383 praetcrea
821 2306 902 2386 quod
923 2323 998 2386 aqua
1019 2304 1059 2366 oli
1082 2305 1187 2367 calicis
1208 2306 1355 2369 directio-

70 2439 134 2480 nem
164 2420 265 2498 potius
291 2417 503 2496 practorilucrc
525 2422 557 2480 ct
578 2420 762 2499 suporiiucra
789 2424 928 2497 conatur,
957 2421 1085 2502 ideoque
1107 2422 1223 2498 exigua
1244 2423 1353 2483 tantm

70 2538 136 2595 cius
162 2553 232 2614 pars
260 2533 412 2613 hauritur3
441 2554 528 2616 quum
556 2538 660 2596 contra
686 2533 768 2596 calix
790 2537 858 2596 rivo
883 2536 1041 2615 oppositos
1063 2537 1171 2615 cupido
1192 2536 1354 2619 rapideque

71 2651 164 2712 iiiut.

151 2765 301 2838 induitur)
333 2768 509 2845 imponitur,
532 2768 652 2829 inditur.
695 2768 833 2831 HnlNR.

151 2881 262 2952 tumeo)
297 2879 347 2944 Cs.
370 2881 437 2944 Art.
457 2888 528 2945 105.
571 2882 686 2946 Laudat
706 2883 867 2946 Forcellin.
889 2884 918 2945 in
940 2905 973 2946 v.

153 3000 289 3078 quonium
299 3040 310 3072 ,
339 3003 440 3077 riporc
460 3001 545 3060 ucria
566 2998 745 3080 difficiliore
765 3000 810 3062 ud
827 2999 953 3080 plenum,
980 3020 1039 3063 ooo
1059 3004 1158 3063 timeri
1176 3006 1282 3082 potest
1301 2998 1354 3062 lu-

70 3118 142 3174 nari
163 3112 213 3172 ccl
234 3101 390 3174 coarctari
408 3115 560 3194 fortunius
580 3115 792 3187 modulorum.)
823 3115 868 3177 lta
889 3117 919 3176 in
943 3116 1079 3177 omnibus
1102 3115 1274 3194 codicibus,
1296 3114 1354 3176 nisi

70 3231 149 3311 qood
174 3229 287 3304 logitur
308 3232 393 3308 ripor
414 3234 498 3291 aeris
520 3230 692 3311 difficilior.
732 3231 752 3291 J
773 3246 867 3291 vcro:
896 3235 1036 3312 quoniam
1056 3234 1142 3310 ripor
1162 3234 1245 3292 ueris
1267 3230 1354 3310 diffi-

73 3346 166 3406 cilior
194 3344 238 3404 ud
256 3347 364 3425 {tenum
384 3363 443 3405 oon
464 3355 574 3407 temere
592 3355 695 3426 potest
711 3346 820 3407 lunari
841 3347 893 3408 oet
914 3350 1078 3409 coarctari.
1121 3347 1268 3408 Formulu
1286 3364 1353 3408 mo-

72 3462 209 3522 dulorum
231 3465 291 3521 etc.
328 3460 392 3520 llnc
414 3464 510 3521 tamon
531 3461 662 3522 iocundi
683 3461 811 3522 loctionc
835 3460 944 3523 collata
966 3481 1031 3522 conr
1054 3462 1187 3521 codicum
1209 3459 1353 3540 lectione,

72 3577 193 3637 mutatio
217 3576 267 3636 illa
287 3577 372 3638 vorbi
395 3579 494 3637 timeri
516 3578 545 3638 in
561 3578 733 3638 adverbium
751 3586 875 3653 temero,
898 3577 976 3659 qnod
993 3577 1180 3654 signiticaret
1201 3576 1353 3654 „fortuito

72 3698 122 3753 aut
144 3690 354 3770 inconsulto“,
384 3691 462 3753 lraud
484 3694 635 3753 satisscoit
654 3691 747 3756 milri:
776 3711 898 3772 namquo
920 3693 1103 3754 modulorum
1126 3692 1237 3753 calices
1258 3690 1354 3752 laxari

72 3808 122 3868 vcl
142 3810 287 3869 coarctari
303 3814 441 3886 potcrant
458 3809 543 3869 ctiam
561 3807 774 3870 fraudolenter.
806 3808 966 3870 Praotorca
982 3808 1069 3869 vocis
1085 3807 1232 3870 Formulu
1253 3808 1354 3869 trans-

72 3923 143 3984 latio
167 3941 185 3984 a
207 3942 326 3984 numero
348 3923 471 4002 plurium
496 3920 676 4003 [formulas]
690 3923 766 3983 enim
784 3929 832 3985 ost
848 3925 876 3983 io
894 3924 1001 3998 codd.)
1024 3923 1059 3984 ad
1083 3923 1283 4001 singularem,
1305 3924 1355 3984 at-

73 4060 130 4120 quo
154 4041 307 4101 distractio
330 4059 348 4100 a
369 4039 472 4100 vorbis
494 4040 600 4100 lunari
616 4048 646 4099 et
662 4043 834 4116 coarctari,
857 4041 943 4110 immo
965 4057 983 4099 a
1004 4041 1067 4102 tota
1088 4040 1239 4100 sententia
1259 4054 1355 4116 supc-

73 4155 170 4231 riocc,
200 4172 260 4214 non
281 4154 403 4234 placuit.
445 4153 490 4216 At
511 4157 536 4216 si
560 4155 634 4216 lraac
656 4156 752 4215 minus
772 4152 947 4233 placebant,
976 4174 1036 4216 non
1058 4157 1154 4215 tamen
1175 4152 1267 4214 lectio
1289 4149 1354 4231 illa,

74 4273 107 4330 ut
123 4276 202 4347 crat,
225 4271 358 4330 codicum
377 4271 491 4332 admitti
512 4274 643 4350 poterat.
677 4271 873 4358 Quarnolucm
896 4272 1054 4333 vorborum
1075 4258 1265 4348 riporocria
1286 4265 1355 4348 dis-

71 4385 185 4463 ficitior
206 4386 399 4447 dcsincntiam
422 4387 561 4466 supplevi
583 4387 702 4468 locique
722 4389 826 4465 riporc
841 4393 924 4448 ueris
942 4386 1134 4466 difficiliore,
1156 4386 1189 4446 ut
1205 4380 1355 4445 ablativus

75 4519 197 4562 caussae
220 4500 389 4562 haharctor.
430 4500 522 4564 Pon.
565 4501 670 4580 luogo:
692 4501 899 4582 Encopitutus
919 4502 1040 4564 videtur
1064 4493 1171 4582 [calix]
1197 4495 1355 4582 (punctim
