2978 4988
142 355 219 432 204
561 349 1003 431 ANNounuloulnS.

225 592 329 654 dederi
352 593 436 671 operi
457 608 556 650 norae
578 607 660 668 erup.
684 587 768 659 ord.)
799 584 912 648 Contra
932 586 1072 646 librorum
1095 584 1222 645 omnium
1243 600 1424 645 consensum

143 707 238 785 Son,
270 705 370 768 allatis
398 706 533 766 Frontini
562 704 697 781 Strateg.
726 703 824 764 Praei.
851 703 977 764 verbis:
1011 698 1116 762 dederi
1142 697 1245 760 adduc
1271 703 1426 762 institutae

142 824 276 884 arbitror
305 824 407 901 operi,
438 820 564 896 corrigit
593 819 698 881 dederi
720 837 844 901 operae.
885 816 996 895 immo,
1020 834 1085 877 eum
1107 817 1137 875 in
1164 815 1268 876 eadem
1289 815 1426 878 Frontini

142 937 272 998 Praeiat.
289 940 430 1015 respectu
451 935 533 995 iilius
555 936 616 996 looi
638 931 727 1014 paulo
756 935 833 995 inira
856 934 988 995 dicatur:
1020 930 1105 993 iliud
1125 949 1220 1012 neque
1240 933 1366 1010 deeora,
1388 965 1426 977 —-

142 1072 240 1115 rerum
259 1062 412 1133 postorum
432 1056 601 1132 scriptores
623 1049 767 1130 indupiae
783 1053 888 1130 operis
918 1051 967 1110 soi
987 1047 1068 1109 done
1090 1065 1208 1130 puopoe
1226 1056 1428 1128 pertemesse

142 1168 332 1250 compleres,
360 1166 410 1227 illo
433 1166 500 1227 loco
524 1185 564 1227 ex
586 1167 675 1226 codd.
699 1164 826 1227 Gudian.
849 1164 934 1228 Leid.
956 1181 1020 1225 see.
1044 1167 1076 1225 et
1095 1162 1210 1224 Medic.
1240 1181 1304 1225 neo.
1333 1165 1428 1225 resti-

142 1285 282 1345 tuendum
305 1301 375 1343 esse
398 1283 567 1343 contendo:
591 1281 696 1343 dederi
717 1280 820 1343 oddae
842 1285 979 1342 instituto
996 1279 1131 1342 arbitror
1153 1282 1250 1362 operi.
1294 1278 1428 1341 Instito-

46 1418 56 1437 r
140 1408 201 1460 tum
223 1417 300 1478 opus
321 1400 378 1475 est,
400 1398 481 1479 quod
502 1397 636 1458 seribere
659 1397 802 1475 aggressi
824 1413 941 1475 sumus3
970 1399 1001 1457 et
1022 1397 1155 1456 nostrum
1176 1392 1273 1456 locum
1296 1396 1342 1456 sio
1366 1414 1427 1457 ex-

141 1515 266 1595 pedies:
293 1532 388 1574 meum
411 1532 500 1591 esso,
530 1514 615 1592 operi
637 1531 692 1573 seu
713 1510 829 1592 libello,
858 1514 889 1573 in
911 1530 969 1595 qun
993 1512 1153 1572 scribendo
1175 1529 1348 1590 versamur,
1376 1509 1426 1572 hie

142 1630 275 1690 lusorem
299 1647 397 1690 novae
420 1630 609 1706 erogationis
631 1629 859 1690 ordinationem.

224 1741 462 1825 ordinationem)
485 1743 555 1807 Art.
578 1748 654 1823 1123
677 1744 896 1825 ordinationem
918 1763 1064 1827 aquaram
1085 1740 1153 1804 Art.
1170 1745 1228 1804 92:
1250 1760 1352 1826 aquas
1373 1763 1427 1806 or-

142 1859 261 1924 dinere.
282 1859 420 1921 HEINR.

225 1996 264 2037 eo
283 1975 442 2057 ponendo)
466 1973 684 2056 Interpretatur
703 1973 788 2040 Pola
811 1992 900 2054 „non
922 1991 993 2036 esse
1015 1992 1068 2037 eas
1088 1993 1151 2053 res,
1173 1991 1250 2055 quae
1272 1974 1310 2035 ad
1330 1992 1427 2036 novas

142 2091 339 2168 erogationes
360 2091 526 2171 pertinent,
555 2091 708 2171 ponendas
728 2091 759 2154 in
782 2092 931 2168 ordinem,
954 2090 1013 2150 nisi
1035 2107 1099 2152 oum
1122 2109 1172 2152 res
1192 2091 1277 2171 ipsae
1298 2094 1426 2153 cunetae

143 2210 362 2269 consummatae
383 2207 596 2289 perfectaeque
619 2205 769 2269 fuerint.“
809 2205 1084 2268 Ponenda-Heium
1107 2207 1243 2285 explicat
1266 2205 1425 2284 „dicenda

143 2323 430 2402 commemoranda“‚
454 2341 628 2402 comparans
648 2323 718 2386 Art.
741 2325 779 2384 di
802 2322 852 2383 dn.
873 2325 1029 2403 possimos
1049 2320 1119 2385 Art.
1141 2324 1179 2382 ii
1199 2339 1358 2403 ponemus.

757 2525 809 2584 89.

226 2673 315 2762 Quid,
338 2671 433 2754 ᾳιιοά)
471 2671 550 2759 Quid
577 2673 671 2733 dicam
698 2671 735 2733 de
767 2688 804 2732 eo
826 2670 917 2753 quod.
939 2668 1055 2732 Duker.
1078 2669 1116 2734 ad
1136 2667 1217 2732 Flor.
1239 2671 1311 2730 298.
1345 2666 1428 2732 Dra-

143 2789 231 2849 iuenb.
254 2790 291 2848 ad
313 2789 383 2850 Liv.
405 2792 456 2864 28,
478 2792 530 2865 41,
554 2793 604 2848 12.
626 2787 764 2849 Hunnu.

225 2902 399 2984 Principis)
421 2901 552 2964 Traiani.
574 2899 643 2962 Art.
665 2904 705 2962 93
728 2905 808 2961 extr.
830 2899 969 2963 HEINR.

223 3018 392 3098 praesidiis
412 3038 452 3078 oe
471 3015 693 3098 voluptatibus)
721 3014 890 3098 presidiis,
916 3015 1039 3093 usibus,
1067 3017 1259 3080 utilitatibus.
1288 3015 1426 3078 uulua.

143 3135 162 3195 i.
185 3154 214 3196 e.
242 3134 279 3195 ad
306 3151 406 3214 praes.
435 3151 470 3194 ao
496 3133 562 3193 vol.
590 3129 659 3195 nrt.
680 3136 737 3194 23:
767 3151 845 3215 quoe
864 3133 999 3215 publicio
1023 3136 1216 3215 priuatisque
1242 3151 1304 3194 non
1332 3133 1427 3195 eodem

144 3251 248 3314 usibus
275 3261 307 3313 et
331 3252 473 3326 ausitide,
506 3269 608 3312 oerum
634 3252 724 3310 etiem
749 3247 959 3331 voluptatibus
985 3249 1112 3329 suffieit.
1160 3247 1340 3311 Presidium
1368 3253 1426 3322 est,

11 3448 13 3453 Ι
144 3369 223 3447 quod
245 3386 300 3445 pro
323 3366 421 3427 salute
444 3369 476 3427 et
496 3363 624 3426 utilitate
645 3364 771 3425 alieuius
794 3364 1009 3444 auxiliigratia
1030 3364 1234 3444 praeponitur,
1256 3365 1298 3426 ait
1308 3363 1427 3425 Festus.

225 3483 298 3544 Nee
318 3485 407 3566 puio)
430 3479 609 3557 Intelligas:
632 3480 720 3565 Quod
742 3480 859 3561 quidem
882 3480 925 3558 nt,
947 3499 1006 3542 non
1028 3481 1097 3562 quia
1118 3484 1176 3543 ete.

114 3576 116 3580 ¹
225 3596 299 3659 Nee
320 3601 392 3680 qaia
414 3593 493 3676 ete.)
530 3596 660 3657 Prorsus
688 3597 808 3671 integra
829 3599 878 3656 est
903 3594 979 3657 haee
1001 3597 1165 3675 scriptura:
1193 3597 1250 3657 sed
1273 3594 1428 3675 singulare

144 3713 282 3792 quiddam
309 3711 404 3773 verba
425 3711 535 3775 habent
562 3709 835 3773 aeonstruetione.
879 3710 982 3773 Oratio
1005 3714 1054 3773 est
1080 3714 1157 3774 enim
1178 3705 1426 3789 ἀνακόλουθος,

145 3846 209 3887 rum
231 3845 377 3906 expressa
398 3846 458 3897 non
480 3830 520 3889 sit
541 3827 697 3908 apodosis.
722 3824 787 3889 Cio.
800 3824 854 3888 Or.
876 3846 903 3888 e.
923 3832 978 3888 10:
1008 3846 1068 3888 noo
1090 3847 1148 3911 prro
1171 3827 1357 3908 septipeada
1377 3832 1428 3890 sit

144 3942 215 4012 Mea
234 3942 287 4004 ini.
307 3941 446 4004 Huinu.

227 4065 255 4121 si
283 4063 367 4141 patei
394 4064 524 4126 extructi
551 4057 663 4120 obiecti
690 4062 768 4133 sint)
804 4058 959 4139 Explica:
995 4058 1030 4122 Si
1059 4062 1205 4121 exstructi
1237 4060 1299 4122 sint
1332 4061 1427 4140 putei,

145 4194 267 4257 quorum
290 4177 437 4236 caritates
461 4176 619 4254 oppositae
643 4175 703 4236 sint
723 4176 798 4235 rivis
819 4176 911 4255 ipsis3
938 4193 1028 4257 quare
1049 4193 1105 4254 per
1126 4193 1178 4236 eas
1199 4175 1330 4236 relaxari
1351 4194 1428 4255 pos·
1463 4228 1467 4235 .

146 4293 185 4355 sit
205 4294 255 4352 vis
276 4293 368 4370 aeris,
391 4309 428 4351 no
450 4299 503 4356 aer
523 4289 683 4352 conclusus
699 4288 799 4354 cursui
821 4309 915 4374 aquae
932 4291 1112 4353 adversetur
1128 4295 1159 4352 et
1180 4308 1239 4353 uon
1256 4292 1345 4353 modo
1364 4293 1429 4352 eius

147 4425 263 4468 cursum
285 4407 435 4484 retardet,
462 4425 565 4467 verum
588 4407 675 4469 etiam
704 4425 767 4468 eam
789 4406 974 4484 exagitando
997 4409 1028 4468 et
1050 4409 1189 4485 cogendo
1218 4409 1365 4470 advorsus
1387 4409 1428 4468 li-

146 4542 229 4618 mosa
255 4525 420 4586 sedimento
447 4524 478 4583 in
508 4523 609 4589 fundis
638 4524 770 4585 rivorum
800 4523 940 4602 deposita
968 4524 1067 4587 turbet
1094 4526 1297 4608 inquinetque.
1338 4522 1431 4589 Pota
