2978 4988
450 317 522 393 DE
549 316 740 409 AOUAE
765 314 1041 396 DUG'PIBUS.
1313 317 1387 393 1123

106 556 303 649 imponuut3
331 563 434 625 vetus
453 554 666 647 relinquunt,
695 575 764 648 quo
777 553 936 625 venalem
952 548 1138 625 extrahunt
1151 575 1287 647 aquarn.

104 668 144 740 ln
173 668 293 764 primis
321 691 407 765 ergo
434 667 500 741 hoc
527 691 665 765 quoque
693 667 945 741 emendandum
969 664 1138 744 Curatori
1170 668 1288 741 credi-

106 784 235 876 derim3
275 810 344 857 non
372 785 463 855 euim
489 786 603 857 solum
629 782 672 856 ad
699 784 854 879 ipsarum
881 808 1050 881 aquarum
1076 782 1284 873 custodiam,

104 899 171 974 sed
197 901 301 974 etiam
327 899 371 972 ad
398 899 534 972 castelli
561 900 701 973 tutelam
728 901 894 996 pertinet,
929 899 1040 997 quod,
1077 898 1227 973 subinde
1253 910 1289 973 et

104 1023 182 1090 sine
210 1040 318 1089 rausa
345 1015 509 1112 foratum,
537 1017 687 1088 vitiatur.

176 1133 294 1207 Etiam
336 1133 393 1205 ille
431 1133 653 1227 aquariorum
689 1131 865 1205 tollendus
903 1142 959 1204 est
990 1130 1143 1228 redituS‚
1185 1130 1387 1229 queml-15

104 1260 232 1323 vocant
257 1260 396 1346 puncta.
445 1248 645 1345 Longane
672 1248 813 1321 diversa
840 1260 921 1320 sunt
947 1248 1079 1346 spatia,
1107 1271 1171 1347 per
1197 1271 1287 1345 quae

105 1364 243 1438 fistulae
276 1375 346 1439 tota
373 1377 490 1436 meant
516 1364 635 1459 Urbe,
662 1364 812 1437 latentes
839 1364 907 1438 sub
934 1364 1044 1437 silice.
1079 1362 1159 1437 Has
1185 1387 1286 1437 com-

104 1482 177 1579 peri
212 1506 276 1578 per
308 1504 405 1574 eum,
443 1481 502 1576 qui
533 1479 773 1577 appellabatur
798 1505 818 1551 a
844 1482 1001 1577 punctiS,
1037 1479 1173 1577 passim
1199 1502 1288 1552 con-

103 1598 304 1699 vulneratus
338 1597 498 1669 omnibus
525 1597 559 1667 in
585 1596 732 1667 transitu
757 1596 1052 1693 negotiationibus
1078 1595 1289 1693 praebuisse

102 1713 340 1812 peculiaribus
366 1711 495 1785 fistulis
522 1735 667 1807 aquam:
708 1735 776 1815 quo
804 1711 1036 1809 efficiebatur,
1072 1722 1111 1785 ut
1136 1712 1289 1809 exiguus

103 1830 227 1905 modus
268 1828 313 1902 ad
346 1852 436 1902 usus
471 1826 632 1928 publicos
667 1828 878 1925 perveniret.
931 1824 1110 1919 Quantum
1145 1853 1190 1902 ex
1224 1826 1290 1899 hac

106 2032 352 2051 ..ια-η*-

140 2166 274 2243 punciu)
296 2159 326 2220 V
348 2164 379 2221 ct
397 2157 479 2234 edd„
502 2159 592 2219 etiem
603 2154 935 2235 Coeliustodiginus
947 2157 1052 2240 Antiq.
1074 2156 1160 2219 Lect.
1176 2155 1290 2220 XVlll.
1327 2156 1375 2208 115

102 2267 156 2325 do:
177 2270 332 2343 punctum.

142 2377 396 2448 cenaeuluerutus)
419 2374 581 2436 Vcteddt
604 2374 843 2436 convulneraris.
865 2373 951 2432 immo
974 2372 1293 2453 adfistulaereicrcn-

101 2482 177 2539 duur.
200 2477 270 2537 nrt.
283 2478 339 2537 21:
362 2496 400 2535 ne
420 2478 452 2536 in
472 2477 533 2535 ciis
554 2477 681 2555 saepius
702 2473 951 2534 convulnerentur
964 2471 1098 2552 fistulae.

139 2598 171 2654 in
192 2595 340 2664 transitu]
365 2592 384 2651 i.
408 2609 436 2650 c.
460 2592 621 2651 secuudum
642 2607 716 2671 epuns
738 2588 965 2667 negotiationes
988 2587 1106 2649 fistulae
1128 2589 1184 2650 sub
1206 2588 1294 2650 silice

100 2691 323 2772 practerlluunt.
343 2689 373 2750 V
395 2690 435 2750 F:
458 2693 489 2749 in
511 2693 679 2751 transitum.

139 2790 412 2885 reperiarionibus]
457 2806 511 2866 Sic
533 2806 623 2866 codd.
646 2809 677 2867 et
698 2804 740 2884 Ἐς
773 2807 862 2886 atque
890 2804 934 2866 ita
963 2804 1103 2883 potuisse
1125 2805 1294 2869 Frontinum

102 2908 235 2967 scribere
256 2910 342 2984 putat
364 2903 481 2983 Opsop.
505 2904 641 2987 legitque
664 2904 736 2967 Sclr.
757 2907 880 2966 vertens
912 2902 1134 2980 „Kuuilbdcn.“
1171 2925 1202 2965 v.
1224 2905 1295 2967 An-

101 3010 176 3067 nott.
200 3005 349 3066 Graevius
370 3005 501 3064 Praelat.
523 3004 560 3064 ad
582 3004 619 3064 Τ.
633 3004 687 3065 [v.
711 3004 782 3065 Ant.
800 3002 888 3064 Rom.
911 3004 1066 3065 emendat:
1089 3005 1295 3067 convulnera-

100 3111 140 3168 tis
160 3103 362 3186 foraminibus
383 3106 415 3164 in
435 3107 566 3163 transitu
584 3102 776 3183 petitoribus.
797 3102 818 3163 J
839 3105 870 3164 et
890 3117 960 3164 rec:
980 3103 1231 3182 nepotiutoribus.

139 3220 345 3303 efficiebatur)
367 3221 396 3281 V
417 3221 457 3281 F:
481 3219 664 3299 efficiebant.

137 3341 326 3422 perveniret)
348 3337 378 3398 V
399 3338 441 3398 F:
461 3355 551 3418 prov.

140 3476 179 3518 er
199 3455 261 3516 bac
280 3452 504 3525 emendatione)
547 3448 600 3512 Sic
623 3450 790 3511 emendavi.
813 3448 941 3529 Operam
964 3452 1065 3531 perdit
1086 3449 1166 3531 Pol,
1190 3469 1231 3513 ex
1251 3450 1294 3514 li-

100 3556 218 3617 brorum
241 3552 375 3614 lectione
398 3560 535 3633 quantum
556 3570 595 3611 ee
613 3548 671 3610 boc
691 3549 781 3613 modo
795 3570 895 3633 aquae
914 3571 996 3613 serv·
1019 3552 1158 3612 idoneum
1173 3569 1293 3615 sensum

101 3670 206 3715 eruere
228 3651 377 3711 laborans.
421 3647 494 3710 Cum
516 3648 547 3709 in
567 3650 586 3710 J
607 3652 638 3710 et
659 3666 721 3709 rec.
742 3667 797 3728 pro
820 3660 972 3712 screatum
992 3649 1113 3727 legatur
1133 3649 1292 3733 sublatum

101 3752 171 3814 Sclr.
195 3750 254 3812 lroc
277 3748 399 3811 verbum
421 3749 573 3828 reposuit:
594 3749 674 3830 quod
696 3750 809 3828 pariter
830 3768 890 3810 non
910 3749 1065 3829 intelligo.
1112 3749 1219 3812 Natum
1240 3752 1292 3813 vi-

100 3853 170 3913 tium
194 3868 235 3911 cx
257 3849 446 3928 compendio.
488 3847 535 3908 lie
557 3865 648 3909 sensu
670 3868 702 3908 v.
723 3847 852 3911 Annott.

139 3967 287 4040 sublatis)
320 3963 421 4026 Libri:
448 3963 564 4046 plumbi
595 3962 711 4027 sublati
744 3963 895 4027 dusmodi
921 3968 1025 4029 rumis.
1068 3964 1149 4031 Scir:
1180 3967 1292 4034 abluti.

99 4066 255 4141 Praestat,
285 4067 364 4148 quod
386 4064 453 4125 Pol.
476 4065 507 4125 in
528 4069 653 4126 mentem
674 4065 758 4125 veuit
778 4066 998 4148 proposuitque
1019 4064 1124 4128 llcinr.
1146 4067 1288 4130 sublatis.

99 4165 244 4228 Solemnc
274 4166 479 4241 librariorum,
507 4164 656 4246 quomodo
682 4165 777 4226 verba
805 4165 884 4226 inter
911 4182 945 4226 se
967 4165 1128 4227 referenda
1148 4168 1209 4229 sint
1230 4185 1289 4228 non

101 4266 280 4344 namatium,
303 4265 408 4327 vitium
430 4266 491 4342 est,
513 4264 670 4326 uteribus
691 4261 833 4327 vocabuli
855 4265 987 4344 proximi
1008 4265 1150 4328 vocabuli
1174 4266 1287 4328 exitum

100 4364 279 4444 pessundet.

141 4479 316 4556 redactum)
338 4481 357 4544 J
380 4484 411 4543 et
431 4495 503 4543 rec:
524 4479 692 4545 reductum.
