2978 4988
136 374 212 451 rot
326 432 332 441 .
557 375 1003 456 ammoniciones,

138 629 205 674 men
232 628 251 672 a
276 615 359 673 recto
388 610 477 673 alveo
507 611 658 689 deflectit,
687 611 812 672 relabi
832 631 904 691 pars
924 629 1060 692 aquarum
1083 613 1149 671 eius
1170 610 1229 671 alio
1253 612 1415 672 derivator.

138 726 250 788 Verum
273 728 408 787 ominibus
430 728 564 788 Frontini
586 727 664 787 loeis
688 726 713 790 G
736 733 909 790 constanter
930 730 1040 789 retinet
1061 727 1292 802 deverticulum
1322 745 1421 806 neque

26 843 28 848 '
104 846 106 851 '
132 841 226 903 aliter
253 841 333 920 legit
360 841 463 903 Simon
486 842 658 906 Sobardius.
677 845 707 904 iu
726 862 804 911 suo,
822 844 900 904 box.
922 843 1019 904 lurid.
1048 842 1174 930 video.
1196 846 1252 927 tam
1274 842 1421 917 Frontini,

134 948 228 1040 ‘qnam
244 955 387 1019 lilartiani
409 958 615 1038 cumpinum
637 960 725 1023 locis.
752 959 1073 1035 ¹Ilcvcrticulumost
1101 959 1130 1018 in
1152 960 1204 1018 via
1225 956 1416 1053 domicilium,

117 1074 179 1134 ‘dd
196 1074 296 1155 quod
319 1073 362 1132 de·
386 1071 495 1134 itinere
518 1074 715 1154 devertimus,
745 1074 926 1154 hospitium..
940 1095 972 1136 v..-
993 1071 1189 1162 Dfikfflhflg
1206 1091 1234 1133 e.
1278 1073 1341 1134 Sed
1363 1071 1418 1132 bae

21 1184 24 1191 ’
126 1187 360 1281 'signifieatique
383 1191 471 1251 etiam
494 1189 704 1251 diverticulum
724 1191 760 1250 ab
784 1191 904 1269 optimis
920 1190 1120 1267 scriptoribus
1137 1191 1168 1250 et
1185 1189 1296 1268 optima
1312 1191 1418 1248 aueto-

138 1306 228 1367 ritate
251 1305 383 1366 dicitur.¹
413 1305 477 1365 Jam
499 1323 572 1366 vero
597 1303 777 1366 Schultuius,
800 1302 876 1385 [ill.
900 1300 937 1385 5)
964 1303 1031 1380 bio,
1052 1305 1242 1378 arcuere
1263 1302 1417 1378 legitate-

42 1425 46 1433 '
107 1422 110 1429 '
136 1420 336 1497 verticulum,
366 1423 470 1481 contra
490 1420 561 1483 Art.
581 1425 615 1482 ll
635 1424 666 1481 et
686 1425 721 1484 14
743 1420 971 1495 diverticulum,
995 1426 1026 1482 et
1048 1419 1258 1504 diverticulum
1278 1437 1343 1479 eum
1365 1436 1419 1478 ce-

139 1536 214 1599 tlris
241 1537 318 1598 viris
347 1535 447 1596 doctis
477 1536 583 1598 statuit
610 1555 680 1598 esse
719 1536 964 1615 „Seitenweg“,
1003 1537 1182 1619 deverticuli
1208 1531 1304 1613 autem
1333 1533 1418 1595 aliam

66 1657 69 1665 ’
139 1651 230 1714 docet
256 1651 506 1728 significationem
527 1651 621 1715 bano:
650 1651 937 1729 „Wasserableiter,
965 1624 1181 1735 Wasserl'ang,
1211 1648 1418 1726 Samrmlangs-

63 1760 67 1775 '
113 1766 273 1845 'graben,
303 1766 524 1853 Quellgraben,
554 1768 607 1828 der
633 1767 682 1828 die
705 1766 910 1853 Quellwasser
936 1787 991 1835 aar
1011 1767 1143 1844 Leituug
1165 1765 1282 1827 iibrt.“
1327 1766 1418 1852 Quam

40 1872 42 1877 ’
140 1898 246 1944 novam
276 1883 307 1942 et
329 1882 367 1941 ad
387 1880 465 1944 bunc
487 1900 582 1965 usqne
604 1881 680 1942 diem
703 1883 884 1960 incognitam
906 1883 1155 1960 significationem
1177 1881 1303 1944 maxima
1324 1899 1418 1958 saga-

43 1993 46 1997 ’
140 1997 231 2059 vitate
262 2000 292 2057 et
321 1996 475 2058 doctrinae
504 1998 593 2077 copia
620 1998 773 2077 exposuit.
815 1999 950 2075 Linguae
980 1998 1069 2076 leges
1096 2015 1156 2059 non
1185 1999 1325 2085 obstant:
1354 2014 1418 2057 nam

21 2109 23 2113 ⁴
52 2098 55 2103 ⁴
139 2112 381 2194 quemadmodum
412 2116 496 2175 recte
525 2112 634 2174 dicitur
662 2112 819 2175 devertunt
847 2131 900 2174 seu
932 2114 1126 2176 devertuntur
1152 2133 1253 2196 aquae
1281 2113 1302 2171 i.
1325 2129 1354 2172 e.
1382 2109 1418 2170 ab

101 2256 106 2265 ·
138 2226 240 2311 aliquo
261 2227 330 2288 loco
353 2228 382 2288 in
404 2227 502 2291 locum
525 2232 740 2291 convertuntur
762 2231 818 2300 (ci.
841 2249 916 2311 qaae
937 2230 974 2290 de
992 2229 1145 2291 deducere
1160 2227 1418 2290 animadvertimus

139 2342 177 2405 ad
199 2342 268 2405 Art.
286 2340 341 2424 6);
373 2345 416 2406 ita
445 2347 532 2407 etiam
560 2345 778 2425 deverticulum
806 2346 865 2406 dici
892 2349 995 2425 potest
1016 2346 1118 2426 locus,
1145 2362 1204 2427 qno
1226 2361 1320 2425 aquae
1343 2360 1419 2404 con-

128 2452 311 2538 vertuntur,
340 2461 542 2540 colliguntur,
572 2462 732 2524 conluunt.
776 2462 838 2525 Sed
867 2460 922 2522 bac
949 2480 1068 2542 quoque
1095 2459 1317 2544 significatione
1339 2458 1417 2519 scri-

138 2574 212 2637 bere
239 2595 332 2655 posse
360 2576 502 2638 debemus
523 2577 749 2654 diverticulum,
776 2581 889 2656 pariter
910 2580 999 2658 atque
1024 2578 1146 2638 eandem
1168 2594 1274 2636 vocem
1296 2575 1418 2634 notione

139 2688 266 2769 hospitii
280 2693 376 2754 etiam
398 2710 453 2771 per
480 2693 514 2755 di
539 2696 726 2772 pronuntiari
748 2694 835 2755 modo
859 2693 1035 2753 erudivimus.
1076 2692 1220 2753 Profecto
1243 2694 1332 2770 optes
1353 2691 1417 2748 iore

140 2808 174 2867 nt
194 2824 236 2867 ex
256 2806 323 2885 ipso
345 2807 486 2869 Frontino
509 2808 700 2870 doctissimae
721 2808 872 2870 Schultaii
895 2809 1092 2888 disquisitioni
1116 2807 1224 2868 clarior
1244 2805 1298 2866 lux
1322 2804 1418 2865 olion-

141 2920 227 2982 dstur
254 2925 342 3003 atique
372 2923 453 2983 aliud
480 2941 599 3003 quoque
627 2925 812 3004 antiquitatis
839 2927 1037 2985 testimonium
1065 2926 1229 2984 succurrat.
1273 2918 1417 3008 Quicquid

129 3053 248 3116 erues,
278 3037 387 3119 ubique
416 3038 624 3100 diverticulum
652 3040 839 3100 scribendum
863 3058 930 3100 esse
954 3057 1077 3101 censeo.
1119 3038 1247 3099 Primum
1270 3037 1348 3098 euim
1369 3036 1417 3094 ia-

141 3140 212 3214 cies¹
234 3154 360 3215 omnium
383 3155 534 3232 locorum,
564 3156 678 3236 quibus¹
692 3154 862 3216 diverticuli
885 3157 994 3217 orontio
1017 3154 1066 3232 at,
1097 3172 1153 3214 una
1174 3155 1222 3215 cst
1244 3152 1417 3232 eaderuque,

141 3270 175 3329 ut
195 3271 326 3331 metuere
347 3272 516 3350 possimus,
539 3270 728 3349 Frontinum,
750 3271 776 3330 si
799 3271 957 3331 discrimen
979 3272 1009 3332 in
1030 3272 1127 3330 animm
1149 3268 1320 3345 habuisset,
1347 3285 1418 3327 ver-

19 3385 22 3396 '
141 3382 190 3444 bis
205 3383 235 3444 id
252 3385 395 3447 disertius
412 3388 609 3450 distinxisse-t
636 3387 768 3446 nimirum
786 3387 970 3447 deformatos
986 3405 1055 3448 esse
1072 3386 1159 3447 locos
1174 3384 1417 3464 interpolatione,

141 3499 221 3577 qnod
250 3499 423 3562 Sobultnius
450 3502 591 3578 aiiirmat,
620 3501 824 3580 probabilibus
847 3505 997 3584 certisque
1019 3502 1202 3579 argumentis
1223 3499 1419 3561 demonstrari

142 3616 254 3694 nequit.
296 3614 371 3677 Tura
393 3619 570 3695 permutatio
594 3616 756 3678 litterarum
777 3639 795 3679 e
816 3622 848 3679 et
868 3624 878 3679 i
905 3618 1046 3694 vulgatus
1067 3617 1252 3678 librariorum
1274 3635 1339 3676 uros
1360 3619 1417 3691 est,

143 3732 174 3788 et
190 3729 220 3791 in
236 3729 301 3808 lpso
321 3733 410 3794 Cass.
428 3732 554 3794 obvius:
577 3750 647 3809 vg.
662 3752 716 3812 pro
731 3733 875 3814 diripere,
894 3735 1038 3810 directus,
1055 3734 1221 3808 directore,
1237 3734 1268 3792 iu
1279 3730 1338 3793 bno
1350 3730 1418 3793 cod.

8 3848 30 3954 ἰ’
142 3842 206 3904 lere
230 3845 338 3926 ubique
361 3847 475 3923 iegitur
497 3846 653 3927 deripere,
675 3848 831 3925 derectus,
854 3850 1023 3912 derecturv.
1047 3871 1075 3912 v.
1098 3851 1135 3909 ad
1156 3850 1225 3911 Art.
1245 3852 1292 3909 18.
1335 3845 1419 3908 Cave

13 3959 16 3964 '
118 3962 240 4021 'autom
263 3961 384 4038 urricus,
406 3963 538 4027 Frontiui
560 3962 871 4028 locisdiverticulum
892 3969 986 4046 ipsum
1009 3985 1078 4027 esse
1101 3965 1239 4040 limitem3
1262 3966 1349 4025 imrno
1371 3963 1418 4023 di-

141 4076 303 4137 rectionem
332 4081 441 4138 tautum
470 4099 488 4139 a
513 4079 564 4141 via
589 4079 708 4141 militari
736 4082 766 4143 in
794 4101 925 4161 campum
950 4083 1117 4159 significat,
1137 4083 1213 4156 slve
1235 4081 1293 4142 itur
1314 4080 1419 4154 liarite,

141 4192 210 4255 sive
231 4212 286 4272 per
306 4212 409 4271 agrum
431 4192 549 4258 cultum.
592 4195 740 4258 iilimlrum
761 4200 788 4258 si
810 4198 877 4279 quis
897 4216 917 4257 a
934 4198 983 4257 via
1004 4197 1121 4261 militari
1143 4198 1264 4259 divertit
1285 4171 1346 4258 ser·
1363 4196 1419 4255 de-

142 4306 238 4372 flectit
264 4310 293 4371 iu
320 4328 470 4388 oarrqtum,
500 4312 569 4372 lons
594 4330 689 4393 aquae
717 4315 806 4375 avia
827 4314 944 4375 militari
968 4314 1058 4379 distat
1080 4317 1139 4377 avc
1160 4329 1283 4393 passus:
1315 4316 1365 4390 ut,
1392 4313 1418 4372 si

143 4424 219 4495 dicis
245 4429 325 4501 „aui
344 4427 437 4487 eiurem
460 4425 684 4505 Seitenwoge“
711 4449 765 4491 son
793 4431 848 4505 „in
872 4430 955 4490 einer
976 4430 1267 4509 Scitenabbeuguug
1288 4429 1419 4490 leidein-

142 4536 234 4607 avitis
257 4541 430 4605 linierlmnd
453 4562 513 4605 von
535 4547 594 4606 i80
612 4543 805 4626 Sobritton“,
827 4544 887 4607 boe
908 4546 984 4609 idem
1007 4549 1068 4621 sit,
1091 4566 1125 4608 ao
1147 4549 1174 4608 si
1197 4549 1280 4609 dicas
1301 4544 1421 4624 simpli-
