2978 4988
498 279 909 361 FRUN'HNUS

65 529 97 593 et
121 522 218 593 omni
244 541 377 616 genere
401 517 485 592 inita
518 525 657 590 constat
689 516 777 590 sibi:
818 521 983 590 convenit
1014 525 1050 590 et
1079 536 1160 591 oum
1195 513 1250 588 bis

63 633 226 732 modulis,
279 635 338 732 qni
383 635 418 707 in
462 633 723 706 commentariis
766 632 987 705 invictissimi
1025 642 1061 705 et
1101 632 1251 729 piissimi

62 750 242 849 Principis
279 749 387 849 positi
425 758 461 822 et
499 747 693 822 confirmati
730 757 823 820 sunt.
874 745 967 824 Sive
1004 752 1123 844 itaque
1160 752 1251 822 ratio

61 867 141 940 sive
180 867 373 940 auctoritas
411 863 592 962 sequenda
630 874 697 959 est
738 874 888 958 unoque
926 864 1253 938 commentariorum

62 981 194 1056 moduli
230 981 444 1077 praevalent.
495 977 576 1058 Sed
605 980 737 1076 aquarii
773 1003 854 1054 cum
887 980 1096 1053 manifestae
1126 979 1252 1055 rationi

62 1098 95 1171 in
121 1098 284 1196 pluribus
309 1097 541 1191 consentiant,
581 1099 618 1169 in
652 1106 817 1191 quattuor
842 1093 994 1169 modulis
1018 1103 1251 1190 novaverant,

62 1211 279 1288 duodenaria
313 1222 352 1285 et
382 1212 560 1286 vicenaris
594 1221 630 1284 et
654 1222 837 1285 centenum
862 1210 1036 1283 vicenum.
1086 1209 1138 1283 Et
1161 1209 1252 1283 duo-
1277 1206 1330 1282 32

64 1328 231 1403 denariae
270 1326 410 1424 quidem
448 1351 515 1401 nec
552 1351 704 1425 magnus
742 1350 840 1401 error
872 1349 938 1399 nec
970 1349 1062 1399 usus
1088 1326 1255 1471 frequens

73 1504 330 1519 w

65 1592 345 1654 commentariorum
373 1596 431 1654 tam
460 1595 576 1656 ratione
603 1613 688 1676 qnam
716 1584 897 1657 anctoritate
922 1592 1100 1673 praevalent
1124 1589 1253 1653 modulis

66 1691 156 1753 aliis.
180 1694 213 1755 nt
233 1696 319 1753 recte
340 1694 463 1753 annotat
483 1694 552 1758 Pol.
573 1692 623 1757 Cf
644 1693 771 1757 Aaron
1301 1692 1304 1697 ’

55 1813 57 1819 ·
105 1791 192 1870 eam)
216 1789 316 1854 oaon.
338 1791 424 1854 etJ:
447 1811 513 1855 cnr.
537 1792 611 1856 Cam
631 1797 680 1856 est
700 1792 815 1872 „licett
806 1791 923 1856 “etin
940 1800 1026 1874 seqq.
1039 1789 1254 1869 subintellige.

67 1891 95 1951 in
117 1894 258 1972 quattuor
280 1895 377 1954 tamen
398 1894 477 1955 mod.

106 1989 264 2070 pluribvs)
293 1992 315 2052 i.
344 2009 372 2055 e.
405 1992 568 2054 secundnm
602 1991 706 2072 piures
734 1990 884 2053 modulos.
928 1989 1079 2070 Suspicor
1103 1993 1202 2052 tamen
1227 1994 1259 2052 ιἰι

65 2086 217 2169 pluribvs,
240 2107 284 2152 sc.
306 2089 446 2151 modulis.
487 2089 576 2154 PUb.
597 2089 719 2153 Ueios:
741 2095 773 2153 tn
792 2089 942 2173 pluribvs.
984 2087 1075 2151 Sobt
1104 2095 1135 2152 in
1155 2090 1257 2171 ptari-

67 2191 134 2248 nn's.
175 2187 227 2248 Ad
249 2206 370 2248 sensum
391 2189 468 2251 benc
490 2188 520 2251 V
542 2189 753 2272 prarimam.
796 2188 858 2252 Sed
885 2189 1127 2271 quemadmodum
1154 2189 1257 2269 pinri-

68 2285 124 2347 dvs
144 2303 239 2366 saepe
260 2285 413 2362 significat
440 2287 601 2368 „pluribus
622 2287 762 2367 verbis,“
789 2290 832 2350 itn
854 2286 913 2348 boc
935 2287 1004 2348 foco
1027 2288 1162 2350 fortasse
1182 2289 1254 2367 poni

68 2385 239 2461 cogitabam
259 2403 315 2465 pro
338 2385 500 2466 „pluribus
520 2386 661 2462 numeris,
665 2386 687 2420 “
710 2389 731 2448 i.
754 2405 782 2448 e.
805 2386 990 2469 pierumque.

108 2481 316 2560 novaverant)
337 2483 406 2548 An.
428 2488 485 2548 34:
507 2490 887 2567 exceptis-novaverant.
928 2485 998 2548 Art.
1019 2490 1078 2547 st.
1111 2483 1258 2547 emenda-

69 2587 352 2647 tis-novaverant.
394 2582 512 2671 Quibus
533 2583 612 2645 locis
632 2583 716 2648 libri:
750 2588 989 2662 nominaverant,
1018 2588 1259 2664 nominaverant,

69 2685 190 2760 praeter
212 2678 250 2759 U,
273 2684 324 2763 qui
345 2683 442 2763 primo
464 2685 496 2744 et
516 2685 649 2745 secundo
672 2683 741 2745 ioco
763 2669 928 2760 novavb'nt
961 2685 981 2748 i.
1004 2690 1259 2759 enecaverant,

71 2780 90 2843 i'.
112 2800 140 2840 o.
163 2778 276 2861 aliquid
298 2784 370 2843 nori
392 2782 631 2845 introduxerunt.
674 2784 780 2846 Tertio
803 2787 899 2846 autem
912 2783 981 2846 loco
1006 2781 1031 2847 U
1055 2784 1183 2861 integris
1204 2782 1260 2846 lit-

71 2881 146 2941 teris
166 2889 367 2943 novaverant

111 2986 142 3039 et
163 2982 340 3054 vicenariae)
369 2979 518 3042 desunt
509 2999 539 3042 ιιι
565 2979 649 3043 VF.
685 2980 763 3044 Mox
796 2979 822 3042 U
853 2981 883 3044 V
912 2985 1060 3093 pergunt:
1103 2991 1261 3046 cenenum

71 3081 208 3138 vicenum
229 3087 260 3140 et
281 3078 475 3141 duodenaria
496 3080 622 3163 quidem.

112 3173 260 3258 rhoden.)
282 3178 301 3238 J
322 3180 353 3239 et
375 3193 456 3240 rec:
477 3178 701 3242 Duodenariae
722 3177 797 3262 (om
821 3176 867 3259 et)
890 3180 1006 3263 quidem
1027 3179 1110 3262 qnod
1129 3198 1199 3245 nec·
1290 3197 1326 3250 32

112 3295 187 3337 usus
209 3275 308 3358 freq.)
292 3272 411 3350 JUet
432 3277 506 3343 Pol:
529 3298 594 3341 ssu.
638 3279 701 3340 Sed
723 3280 818 3340 ceteri
841 3279 907 3339 iibri
931 3297 1035 3340 onmes
1059 3280 1163 3349 (ctiam
1185 3277 1258 3340 Scir.

69 3379 104 3434 et
124 3373 267 3449 ileinr.):
289 3394 384 3451 esaar
404 3393 462 3437 nec
483 3375 572 3439 aliter
593 3377 660 3457 ipse
681 3376 748 3438 Pol.
770 3377 867 3439 focum
889 3377 1034 3439 describit
1055 3379 1085 3438 in
1107 3378 1205 3455 notis3
1229 3379 1263 3440 nt

75 3489 130 3533 vsa
153 3475 183 3534 in
206 3476 293 3535 textu
305 3473 412 3536 Poieni
433 3474 770 3556 errortypograpbicus
783 3494 853 3538 esse
874 3475 1023 3553 rideatur,
1046 3493 1132 3556 qoem
1152 3478 1262 3556 poste-

75 3574 173 3632 riores
194 3572 330 3634 editores
351 3574 538 3654 repetierunt
559 3577 591 3635 et
617 3578 833 3655 propagarunt.
877 3573 1003 3636 Sensus:
1024 3573 1160 3636 Fistulae
1182 3574 1263 3636 dno-

75 3671 214 3732 denariae
235 3689 308 3732 nsus
330 3689 388 3732 non
410 3674 459 3733 est
479 3671 633 3754 frequens
675 3673 724 3734 De
746 3674 849 3734 eadem
871 3672 1051 3736 dstnfadrt
1068 3676 1125 3735 44:
1147 3672 1184 3736 fn
1203 3694 1263 3738 asar

76 3782 134 3828 non
155 3778 213 3829 est.
256 3769 397 3848 Pergitur
417 3772 497 3833 inf
521 3775 552 3835 ct
573 3788 652 3838 rec·
671 3772 816 3856 frequens
836 3771 1057 3836 estdiametro
1079 3772 1160 3836 VF·
1180 3768 1262 3858 freq.

77 3885 143 3928 eam
165 3867 324 3930 diemaro

115 3971 315 4039 semunciam)
338 3966 365 4030 U
385 3968 416 4031 V
442 3967 492 4031 bio
518 3973 549 4031 et
572 3969 649 4032 infra
669 3973 844 4032 constanter
865 3973 1043 4034 semiuncia.
1084 3970 1148 4034 Scd
1169 3973 1265 4037 altera

76 4062 172 4125 forma
194 4065 281 4126 etiam
303 4065 428 4128 afiorum
449 4069 629 4147 scriptoram
651 4070 866 4152 antiquissimis
888 4070 1043 4132 codicibus
1062 4072 1218 4151 probatur.

119 4167 281 4245 quinariae
301 4161 432 4247 quadr.)
455 4163 662 4246 computando
682 4171 728 4230 sic
740 4170 853 4250 primus
867 4168 1091 4248 restionem,
1112 4189 1200 4253 quum
1222 4170 1264 4232 li-

78 4260 124 4325 bri
143 4264 443 4342 omncspracbcant.
465 4269 624 4347 mainarius
639 4277 669 4330 et
686 4268 801 4332 bessem
827 4266 927 4341 (GU
957 4268 1121 4344 ebescm).
1150 4268 1189 4330 Ιιι
1206 4271 1264 4330 iis-

80 4360 145 4422 dem
166 4362 322 4440 pergitur·
364 4363 437 4426 Bet
425 4369 506 4447 aquis
521 4375 630 4447 autem,
653 4369 765 4429 omisso
777 4371 818 4444 ιἰι,
840 4368 920 4451 quod
939 4369 977 4430 de
989 4387 1046 4430 suo
1058 4365 1173 4489 addidit
1183 4366 1263 4446 Pob,

80 4461 219 4606 proxima
238 4458 340 4524 iittcra
359 4482 388 4557 ιιι
407 4464 592 4544 absorptum.
1046 4486 1049 4491 ’
1103 4486 1106 4491 ’
