2978 4988
94 355 169 431 13o

511 354 940 437 :uuoN'rrNUS

197 612 353 662 secare
379 597 532 664 sentes
556 588 840 689 prohibeant,
866 614 943 688 per
968 590 1208 664 Curatores
1234 610 1368 688 aqua·

197 729 311 803 rum,
348 705 422 802 qui
452 729 566 781 nunc
599 716 705 780 sunt
736 706 903 804 quique
931 716 1083 799 erunt,
1120 711 1243 778 circa
1271 705 1368 810 lon-

197 833 266 892 tes
305 831 347 895 et
384 821 593 895 fornices
631 832 673 895 et
709 845 856 895 muros
894 832 935 894 et
970 826 1098 894 rivos
1131 831 1172 894 et
1202 843 1369 917 specus

197 936 464 1011 terminatus
502 937 714 1034 arbores,
761 941 905 1032 vites,
950 961 1144 1035 vepres,
1190 946 1364 1031 senteS,

198 1053 346 1148 ripae,
378 1058 595 1148 maceria,
628 1052 818 1149 salicta,
852 1052 1115 1125 arundineta
1140 1052 1364 1142 tollantur,

198 1167 490 1265 excidantur,
519 1167 821 1264 effodiantur,
850 1167 1189 1263 excodicentur,
1216 1174 1368 1264 utique

197 1294 322 1357 recte
361 1285 527 1358 lactum
566 1309 672 1359 esse
709 1283 887 1359 volent:
927 1309 1066 1380 eoque
1104 1285 1274 1380 nomine
1311 1283 1367 1354 iis
1408 1353 1410 1362 ,

197 1399 396 1497 pignoris
423 1401 738 1501 capio,multae
764 1399 899 1474 dictio
926 1386 1229 1494 coercitioque
1254 1407 1365 1487 esto;

197 1513 331 1610 idque
356 1522 415 1589 iis
442 1519 540 1591 sine
565 1514 723 1592 fraude
748 1539 830 1589 sua
856 1517 1007 1591 lacere
1032 1517 1169 1590 liceat
1193 1515 1260 1586 ius
1285 1537 1367 1610 po·

196 1641 435 1729 testesque
480 1643 589 1707 esto.
646 1635 738 1722 Quo
778 1633 923 1706 'minus
968 1631 1112 1727 viteS,
1157 1630 1364 1725 arbores,

197 1770 310 1839 quae
354 1749 510 1845 villis,
563 1748 804 1822 aediliciis
847 1749 1120 1823 maceriis-ve
1162 1745 1368 1819 inclusae

196 1877 315 1959 sunt,
342 1865 577 1960 maceriae,
606 1889 712 1963 quas
739 1861 984 1957 Curatores
1010 1885 1210 1960 aquarum
1237 1885 1368 1935 causa

196 1983 378 2072 crrgrrita
404 2004 454 2053 ne
480 1979 810 2065 demolirentur
835 1979 1027 2067 dominis
1051 1981 1366 2077 permiserunt,

196 2092 356 2185 quibus
390 2096 610 2194 inscripta
642 2097 957 2193 insculptaque
989 2108 1139 2170 essent
1169 2100 1368 2192 ipsorum

196 2209 268 2300 qui
294 2213 620 2305 permisissent
645 2210 910 2289 (iuratorum
935 2216 1127 2308 nomina,
1154 2221 1366 2305 maneant,

194 2320 274 2396 hac
311 2325 417 2424 lege
456 2328 636 2404 nibilum
674 2331 868 2426 rogatio.
920 2325 1017 2418 Ouo
1048 2328 1192 2400 minus
1223 2351 1277 2400 ex
1309 2326 1368 2400 iis

195 2439 423 2540 sontibus,
463 2446 606 2542 rivis,
646 2436 887 2543 specibus,
927 2442 1187 2516 fornicibus·
1215 2465 1368 2540 aquam

196 2578 392 2654 sumere,
420 2559 602 2635 haurire
627 2561 709 2658 iis,
737 2561 1093 2660 quibuscumque
1120 2557 1369 2636 Curatores

196 2695 408 2766 aquarum
438 2678 750 2774 permiserint,
784 2685 1103 2774 praeterquam
1136 2686 1253 2769 rota,
1288 2699 1367 2747 ca-

194 2784 302 2884 lice,
330 2789 551 2888 machina,
578 2791 736 2890 liceat,
764 2791 855 2867 dum
881 2815 1020 2888 neque
1045 2801 1204 2889 puteus
1230 2814 1368 2887 neque
1412 2861 1419 2878 ,

195 2900 396 2980 foramen
435 2930 592 2982 novum
631 2908 737 3004 siat,
784 2909 883 2981 eius
927 2906 1005 2995 bac
1042 2905 1146 3004 lege
1182 2904 1369 2993 nihilum

195 3021 390 3116 rogatio.

97 3130 172 3207 130
269 3135 487 3214 Utilissimae
514 3137 607 3237 legis
633 3147 892 3237 contemptores
917 3163 986 3214 non
1012 3139 1214 3236 negaverim
1241 3138 1368 3236 dignos

195 3277 328 3353 poena,
365 3278 455 3351 quae
487 3254 690 3330 intenditur:
729 3254 796 3330 sed
826 3257 1040 3355 negligentia
1072 3255 1169 3353 longi
1201 3260 1368 3355 temporis

92 3480 366 3496 ..ι-ιιι*

111 3619 160 3671 130

191 3610 380 3685 negaverim)
408 3604 447 3682 F:
467 3611 640 3690 reponeris.

233 3705 315 3786 oapi.
338 3705 423 3785 lonpr'
444 3702 486 3788 t.)
515 3706 557 3773 02
583 3709 703 3791 πορίσῃ.
725 3711 758 3774 ut
777 3712 847 3775 nrt.
866 3713 933 3772 loo.
976 3705 1023 3771 Vr
1045 3707 1125 3790 περὶ.
1146 3707 1242 3789 lupum
1260 3715 1283 3768 e.
1327 3707 1367 3771 l':

193 3805 271 3883 περί.
300 3805 397 3886 [epum
420 3827 479 3888 pro
505 3816 664 3890 tempores.
706 3810 731 3872 B
759 3810 789 3873 ln
815 3826 911 3887 marg.
940 3823 1004 3868 cum
1031 3811 1130 3870 crocle
1150 3809 1260 3886 signo:
1287 3809 1367 3888 περὶ.

193 3904 288 3983 lepram
307 3924 366 3988 pro
386 3916 530 3988 tempore.

234 4010 388 4088 quonlam)
418 4003 462 4072 Cr
485 4017 608 4090 quanta.
636 4027 680 4074 sc.
701 4028 757 4090 pro
777 4011 902 4092 quantu·

233 4109 263 4166 in
284 4106 352 4169 orb.
373 4104 451 4186 fuit]
478 4107 517 4168 J:
540 4112 570 4169 ln
590 4129 621 4170 a.
642 4114 692 4172 eil.

233 4205 280 4267 lr'c
306 4223 378 4268 cero
406 4202 478 4291 pul)
505 4206 551 4274 V:
577 4208 610 4272 ls
631 4228 714 4273 aero.
758 4207 802 4274 C:
828 4205 862 4271 lo
888 4202 962 4272 cero
990 4220 1045 4273 aut
1070 4209 1151 4275 adm.
1193 4208 1279 4271 Edd:
1306 4206 1368 4285 Hie

190 4324 274 4368 cero.

232 4405 485 4484 decucurrerant)
512 4409 614 4489 recepi
638 4426 678 4470 ex
701 4406 737 4472 C.
755 4404 859 4471 Ceteri
881 4408 1088 4475 decurrerunt.

229 4511 343 4578 cauno)
377 4504 423 4568 C:
442 4525 578 4571 causam.
