2978 4988
118 356 194 437 tau

562 338 969 425 FRONTINUS

220 584 289 664 Ad
327 577 607 657 reficiendos
646 579 773 651 rivos
813 600 1066 680 specusque
1105 593 1147 656 et
1185 603 1294 680 quae
1327 608 1402 682 per

220 732 270 779 ea
304 722 435 798 opera
466 701 533 769 rei
565 694 775 793 publicae
808 710 1159 795 corrumpantur,
1195 699 1398 797 placere:

219 825 341 895 circa
383 815 531 887 lontes
570 822 609 884 et
648 810 845 884 fornices
878 825 920 885 et
951 840 1095 886 muros
1126 827 1313 914 utraque
1346 841 1400 890 ex

217 948 343 1035 parte
381 952 547 1005 vacuos
587 932 743 1026 quinos
783 926 921 1001 denos
961 929 1097 1026 pedes
1136 943 1313 1029 patere3
1360 949 1399 1004 et

217 1059 337 1129 circa
375 1048 517 1139 rivoS,
558 1044 629 1142 qui
668 1042 750 1116 sub
790 1056 910 1117 terra
948 1062 1117 1137 essent,
1160 1060 1202 1120 et
1234 1073 1396 1145 specus

217 1176 330 1243 iutra
360 1163 519 1240 Urbem
556 1170 596 1232 et
630 1172 756 1233 extra
787 1161 970 1259 Urbem,
1013 1169 1125 1236 intra
1160 1170 1395 1237 continen-

213 1286 274 1358 tia
312 1278 546 1371 aedilicia,
586 1286 771 1374 utraque
811 1278 869 1350 ex'
902 1290 1026 1376 parte
1064 1286 1222 1378 quinos
1256 1282 1394 1377 pedes

214 1421 380 1474 vacuos
413 1394 629 1491 relinqui:
664 1399 726 1465 ita
758 1404 803 1466 ut
834 1420 974 1491 neque
1007 1408 1318 1470 monumentum
1355 1404 1394 1470 iu

213 1518 285 1591 lris
322 1516 438 1588 locis
476 1533 621 1608 neque
660 1509 925 1584 aedificium
962 1524 1063 1609 post
1101 1513 1181 1587 hoc
1219 1527 1392 1612 tempus

212 1656 394 1731 ponere,
434 1651 573 1723 neque
612 1649 856 1699 conserere
894 1628 1078 1702 ardores
1116 1628 1289 1703 liceret
1342 1628 1392 1704 Si

211 1773 321 1847 quae
358 1768 475 1821 nunc
513 1757 672 1817 essent
710 1743 900 1817 arbores
940 1750 1053 1817 iutra
1090 1744 1132 1817 id
1171 1746 1388 1843 spatium,

211 1862 548 1953 exciderentur,
576 1871 890 1957 praeterquam
919 1866 959 1932 si
985 1885 1092 1957 quae
1117 1861 1259 1935 villae
1286 1886 1389 1935 con-

209 1986 415 2055 tinentes
443 1987 484 2049 et
508 1974 716 2067 inclusae
743 1974 981 2049 aedificiis
1009 1990 1179 2051 esseut.
1215 1977 1388 2076 Siquis

208 2095 431 2171 adversus
458 2117 507 2165 ea
533 2092 822 2186 commiserit,
850 2093 889 2164 in
916 2093 1127 2191 singulas
1152 2118 1223 2167 res
1251 2118 1387 2191 poena

207 2211 289 2291 Hs
324 2211 436 2285 dena
461 2208 601 2283 millia
627 2218 809 2300 essent,
847 2210 1093 2308 exquibus
1119 2232 1224 2309 pars
1251 2207 1386 2282 dimi-

205 2328 278 2404 dia
303 2327 538 2428 praemium
567 2326 825 2399 accusatori
853 2325 1055 2423 daretur,
1092 2332 1224 2399 cuius
1251 2350 1388 2422 opera

205 2453 394 2520 maxime
427 2444 665 2517 convictus
698 2454 844 2537 esset,
884 2445 956 2539 qui
984 2442 1204 2516 adversus
1231 2441 1316 2516 hoc
1343 2441 1384 2517 S.

204 2564 244 2639 G.
272 2562 601 2655 commisisset,
639 2584 746 2657 pars
781 2571 929 2632 autem
960 2559 1146 2633 dimidia
1181 2560 1222 2631 iu
1248 2584 1383 2633 aera·

204 2684 317 2752 rium
343 2676 649 2774 redigeretur
687 2675 849 2771 Deque
876 2701 923 2749 ea
948 2702 993 2750 re
1019 2675 1282 2751 iudicarent
1308 2700 1382 2748 co-

202 2803 582 2893 gnoscereutque
608 2789 866 2866 Curatores
894 2818 1116 2889 aquarum.

100 2996 394 3019 *σιμῇ-ι...

199 3134 311 3189 rentur.
339 3124 458 3188 scilicet
477 3122 617 3187 librarius
638 3120 708 3185 loco
730 3120 848 3186 litterae
870 3122 892 3186 d
913 3124 1108 3206 negligenter
1129 3123 1250 3205 scripsit
1267 3148 1305 3209 p,
1328 3128 1380 3189 lit-

199 3224 266 3289 terd
292 3224 428 3304 lurcrsd3
457 3228 506 3309 qui
534 3243 619 3287 error
644 3226 822 3286 sexcenties
849 3224 879 3287 iu
905 3226 985 3288 Mss.
1016 3223 1260 3305 deprehenditur.
1304 3228 1323 3289 J
1349 3233 1380 3288 et

198 3344 267 3389 rccr
289 3328 528 3409 extirparetur,
549 3344 582 3385 v.
605 3322 732 3385 Annott.

238 3428 269 3487 ai
290 3444 368 3508 qaae
386 3426 496 3497 villae]
528 3422 603 3487 Scir.
626 3424 771 3500 corrigit:
794 3443 855 3507 qua
875 3424 964 3487 oilla.
996 3422 1062 3483 An:
1086 3426 1138 3483 cai
1158 3418 1278 3486 ciliae?
1309 3424 1378 3491 Ant

195 3534 408 3609 praeterquam
429 3544 507 3609 qaae
526 3522 637 3598 villae,
659 3524 773 3585 omisso
795 3518 850 3587 ei?
876 3525 966 3587 lmmo
989 3522 1145 3600 intellige:
1165 3534 1379 3607 praeterquam

197 3628 226 3687 ei
247 3642 325 3706 qaae
346 3623 477 3706 [aliquae
500 3624 638 3694 arbores)
660 3623 756 3685 villae
778 3623 884 3695 (alicui
899 3623 1008 3701 villae,
1031 3641 1102 3686 casu
1120 3623 1195 3697 dat.)
1220 3628 1378 3686 continea-

196 3730 244 3787 teo
264 3733 377 3787 erem.
419 3724 458 3785 rs
480 3726 510 3786 ai
532 3740 611 3805 puae
630 3742 671 3785 ea
690 3724 779 3785 ailla

236 3823 407 3905 aedificiis)
434 3824 474 3886 F:
496 3822 651 3903 aedificia.

237 3925 291 3993 aa)
319 3920 364 3986 V:
387 3940 442 3983 eae
462 3942 523 3983 ree.

234 4040 336 4103 paena
355 4054 397 4064 —-
418 4017 540 4102 eareat]
579 4019 625 4082 lta
649 4018 738 4083 codd.
782 4023 801 4084 J
807 4035 817 4083 t
845 4023 876 4084 ia
902 4016 982 4083 dena
1007 4022 1106 4084 millia
1132 4022 1259 4086 darem
1286 4036 1376 4089 esset.

194 4139 279 4202 quam
307 4120 497 4182 mutationem
525 4118 690 4180 iocundum
717 4121 855 4182 intulisse
883 4120 1026 4182 credibile
1055 4126 1102 4183 est
1133 4140 1174 4183 ex
1202 4122 1274 4186 Art.
1298 4130 1374 4187 129:

194 4228 310 4281 marn
336 4219 433 4280 millia
461 4218 539 4279 dare
566 4218 694 4281 damnas
722 4229 799 4282 esta.
842 4208 931 4280 Pu'h.
974 4219 1004 4281 V
1025 4225 1056 4284 ct
1077 4223 1154 4283 cdd:
1184 4226 1216 4284 in
1237 4225 1375 4305 eiaqrrlae

193 4338 246 4381 ree
266 4321 297 4379 ir
320 4313 367 4397 [V
383 4335 441 4379 om.
463 4321 509 4388 ia]
533 4316 613 4381 dena
633 4318 730 4379 millia
751 4318 879 4379 damm
900 4330 988 4380 ercet.
1032 4320 1198 4399 Syntaxis:
1219 4321 1278 4386 Hs
1301 4324 1376 4385 dcua

192 4414 285 4479 millio
304 4419 408 4479 esseut
426 4434 536 4498 poena.

232 4534 312 4597 pare
331 4524 448 4593 aetem)
477 4514 525 4577 V:
547 4522 578 4577 ee
595 4534 684 4597 pare.
711 4514 731 4576 J
752 4518 784 4577 ct
803 4529 871 4579 rec:
891 4535 970 4598 parc
990 4517 1090 4579 altera
1112 4517 1182 4581 dum.
