2978 4988
509 346 953 429 ANNo'nAnlonnus.
1301 345 1377 425 1⁹5

91 590 226 654 reontio.
255 589 390 668 Strateg.
418 587 445 650 Ι.
468 593 507 669 3,
531 593 579 651 16.
622 586 705 650 ldem
727 605 819 667 saepe
840 585 956 665 legitur
976 602 1024 665 ap.
1046 584 1179 647 Frontln.
1203 583 1240 644 de
1264 581 1374 647 Coton.

91 727 140 787 ap.
171 706 264 771 Goes.
292 726 323 786 p.
349 709 418 768 116.
445 709 513 768 121.
539 709 608 767 166.
635 709 705 766 146.
749 702 786 765 de
814 702 912 765 Linrit.
941 701 1055 778 Agror.
1084 719 1116 781 p.
1139 704 1189 762 38.
1232 699 1375 779 Exposit.

91 823 190 885 Form.
212 842 243 902 p.
260 826 310 884 31.
343 821 426 883 Nihil
448 821 670 902 significatione
693 819 792 882 differt
812 837 830 880 a
850 837 1017 880 mensuram
1039 821 1132 894 inire,
1155 818 1192 878 de
1215 836 1273 898 quo
1296 815 1376 880 aiibi.

710 1020 760 1080 il.

172 1171 204 1228 ia
230 1187 264 1230 re
287 1168 467 1249 praesenti)
488 1167 563 1231 Sch.
587 1186 645 1248 „an
662 1167 723 1231 oa
743 1167 804 1229 und
825 1165 955 1233 Stella.“
978 1187 1009 1231 v.
1031 1166 1191 1229 Forcellin.
1220 1189 1250 1232 v.
1271 1186 1376 1248 praee.

92 1281 244 1365 Frequens
267 1284 393 1346 formula
416 1286 446 1347 in
467 1303 500 1347 re
521 1285 650 1362 agraria.
676 1304 708 1346 v.
731 1283 823 1347 Goes.
846 1282 913 1345 lna.
935 1303 967 1345 v.
990 1284 1048 1348 lie.

79 1405 85 1413 '
173 1400 303 1462 Careias
320 1422 359 1463 eu
373 1401 540 1474 Sabatina]
563 1402 611 1462 De
630 1399 747 1465 Oareiis
766 1401 877 1480 oppido
894 1420 925 1461 v.
945 1399 1070 1464 Cluver.
1088 1399 1154 1463 Ital.
1172 1400 1245 1463 Ant
1261 1420 1292 1480 p.
1305 1405 1376 1464 524.

90 1515 139 1576 Dc
168 1515 311 1578 Sabatino
340 1515 406 1580 lacu
439 1521 537 1589 (nunc
565 1517 655 1597 Lapa
680 1516 713 1578 ut
733 1517 933 1590 Braeciano)
963 1516 1056 1578 Silius
1078 1517 1182 1581 Punic.
1200 1517 1283 1579 Vlli.
1306 1521 1376 1579 492.

91 1628 215 1693 Cluver.
237 1653 267 1713 p.
285 1638 357 1695 554.
401 1632 450 1696 Cf.
474 1632 636 1696 Forceilin.
658 1652 712 1696 nav.
754 1632 894 1694 Pluribus
925 1633 962 1694 de
984 1631 1116 1694 iocorum
1138 1632 1197 1696 huc
1218 1636 1377 1714 pertinen-

91 1747 163 1808 tium
185 1750 244 1810 situ
267 1750 399 1828 disputat
418 1748 485 1813 Pol.
516 1747 711 1811 Heinrichius
733 1749 881 1811 convertit
902 1749 940 1812 ad
960 1747 1189 1826 Byolrershoelr.
1213 1749 1376 1813 observat.

18 1861 466 1951 'tkffisspffl.
1077 1930 1083 1944 ,

175 1988 314 2063 quantum
329 1985 451 2064 aquarii
467 1980 726 2064 temperaverunt)
755 1983 937 2063 Temperare
953 1981 1103 2061 significat
1119 2002 1212 2063 saepe
1229 1985 1375 2061 miscere;

93 2095 245 2173 signifieat
272 2099 360 2159 ctiam
387 2099 515 2160 miscere
542 2101 739 2178 proportione
767 2103 899 2163 servata.
942 2099 1056 2160 Scribit
1082 2099 1181 2181 itaque
1202 2099 1376 2178 Frontinus,

92 2228 196 2293 aquam
218 2211 397 2274 Alsietinam
420 2215 530 2295 tanturn
552 2215 689 2293 recipere
712 2233 752 2274 cx
768 2212 834 2275 lacu
851 2213 1006 2275 Alsietino
1030 2216 1117 2275 etex
1134 2214 1200 2275 lacu
1218 2214 1375 2291 Sabatina,

92 2330 232 2408 qnantum
260 2345 301 2388 ex
327 2331 454 2409 utroque
482 2329 594 2407 placuit
621 2329 748 2410 aquariis
775 2330 978 2390 commiscere.
1022 2327 1256 2408 Concipiendum
1279 2334 1376 2391 autem

91 2441 229 2518 videtur,
258 2444 395 2526 aquarios
424 2446 503 2504 omni
529 2447 663 2522 tempore
685 2445 824 2524 potuisse
847 2463 887 2505 ex
909 2449 1035 2527 utroque
1056 2445 1123 2506 lacu
1144 2463 1237 2527 aquae
1260 2444 1377 2507 modum

91 2559 174 2618 varie
197 2562 379 2638 temperare:
409 2559 478 2619 ideo
507 2561 624 2621 modum
651 2560 831 2640 pendentem
859 2562 896 2622 ah
924 2561 1109 2643 aquariorum
1136 2560 1292 2623 voluntate
1321 2578 1378 2623 nec

92 2673 190 2735 fuisse
219 2678 250 2736 in
273 2646 494 2737 commentariis
516 2675 723 2758 adscriptum,
750 2697 808 2739 aec
828 2681 859 2739 in
880 2697 914 2738 re
933 2682 1091 2759 praesenti
1114 2687 1226 2740 certum
1248 2680 1378 2740 inveniri

88 2793 238 2869 potuisse.
261 2789 352 2853 Pon.
874 2856 876 2863 ,

172 2906 362 2988 cccxcii)
392 2906 474 2971 Idem
496 2927 635 2972 nunnerns
656 2909 724 2974 Art.
741 2913 792 2974 85.

708 3123 758 3181 72.

174 3265 218 3327 ad
234 3299 276 3309 -—
294 3265 404 3345 ficiem]
427 3265 538 3328 arihis
560 3266 638 3328 locis
660 3269 721 3329 vim
742 3266 835 3329 hahet
856 3265 1096 3348 comparativam.

173 3383 297 3455 saitem)
320 3381 424 3462 Seiae,
447 3383 556 3445 saitem
579 3403 643 3444 curn
666 3385 832 3461 negatione
849 3383 1036 3445 coniunctum
1055 3398 1147 3459 saepe
1165 3397 1233 3441 esse
1251 3378 1281 3438 id
1300 3378 1380 3459 quod

91 3499 280 3583 „quidom“;
303 3502 336 3560 ut
357 3497 451 3559 verba
472 3500 517 3559 sic
540 3498 731 3578 expedienda
753 3501 831 3562 sint:
855 3503 886 3560 et
908 3518 945 3561 ne
967 3500 1003 3559 ad
1026 3497 1093 3557 ilias
1115 3496 1232 3578 quidem
1255 3513 1380 3558 mensu-

90 3634 158 3693 rae,
182 3631 256 3694 quae
279 3614 317 3674 ad
337 3613 481 3692 piscinam
504 3618 589 3676 actae
612 3621 691 3679 sunt.
732 3616 781 3677 De
805 3633 863 3697 qna
884 3613 1108 3694 significatione
1130 3631 1160 3675 c.
1183 3606 1321 3688 Herzog.
1345 3611 1383 3670 ad

92 3729 184 3794 Caes.
205 3731 242 3793 Β.
265 3729 301 3793 G.
323 3728 347 3790 l.
371 3736 399 3791 6.
442 3728 602 3792 Porcellin.
624 3732 703 3794 Lex.
725 3749 820 3811 nuper
842 3731 890 3792 ed.

173 3846 319 3923 scilicet)
341 3844 519 3923 inteiligas:
541 3847 620 3930 quod
643 3845 762 3910 scilicet
783 3850 855 3928 post
877 3849 923 3911 tot
944 3845 1001 3907 iam
1023 3843 1123 3907 illutus
1145 3849 1214 3907 ante
1236 3845 1380 3926 piscinam

90 3964 215 4025 iniurias
235 3961 323 4023 aliter
344 3962 467 4022 evenire
490 3981 549 4024 non
569 3966 700 4042 poterat.

171 4080 311 4148 Anione)
339 4077 388 4138 De
409 4097 443 4139 re
464 4077 532 4143 Art.
550 4082 601 4144 91.

173 4215 219 4256 me
246 4196 477 4276 acquisitionum
503 4199 651 4258 mensuris
679 4193 834 4274 blandiri)
863 4192 936 4260 Son.
960 4192 1227 4274 3,1611666661611
1251 4191 1300 4254 die
1322 4192 1378 4253 nr.

91 4307 195 4388 chung
218 4310 271 4370 der
292 4309 441 4388 Zuginge
463 4311 664 4389 getiuscht.“
708 4313 859 4391 Persaepe
881 4313 999 4394 quidem
1023 4310 1173 4386 blandiri,
1202 4309 1252 4370 vel
1274 4311 1378 4390 potios

92 4425 229 4487 blandiri
248 4424 308 4486 siti
329 4426 405 4504 apud
428 4425 659 4489 iurisconsultus
681 4427 831 4505 significat
854 4447 914 4507 „se
936 4428 1032 4507 ipsum
1055 4424 1197 4488 iallerc“.
1226 4447 1257 4487 v.
1282 4424 1376 4506 Spic-

90 4539 156 4620 gei.
180 4540 257 4601 Lex.
280 4541 344 4602 Jur.
367 4543 399 4603 et
418 4539 579 4603 Porcellin.
602 4545 679 4608 inv.
713 4544 775 4609 Sed
796 4544 872 4606 haec
894 4542 1076 4622 significatio
1099 4560 1199 4620 parom
1222 4540 1280 4603 huc
1301 4558 1375 4622 per-

1077 4656 1155 4724 la*
