2978 4950
137 278 190 355 10

510 322 513 327 ·
577 279 984 363 nnomulmus

236 519 338 611 porte
357 509 506 612 Capena
530 538 646 612 usque
671 514 716 590 ad
739 515 863 590 unbem
882 513 1046 615 Capuam
1069 516 1290 592 muniendam
1316 505 1423 591 cura-

236 629 297 702 vit.
348 626 537 728 Collegam
560 630 679 707 habuit
702 631 747 717 G.
762 632 949 728 Plautium‚
978 633 1035 707 cui
1060 633 1104 709 cb
1131 635 1316 731 inquisitas
1345 635 1425 732 ejus

166 796 427 812 ——-=--

235 891 367 956 Salinae
382 897 591 980 appellantur.
613 896 715 978 Alter,
738 899 857 978 opinor,
880 897 967 960 iocus
989 901 1073 960 recto
1095 916 1130 960 so
1151 895 1254 961 hahet.
1278 899 1428 962 Similiter

235 990 363 1055 Solinus
385 1013 413 1057 c.
436 999 473 1058 2:
504 997 613 1074 lucam,
637 1000 687 1059 cui
706 996 837 1062 Salinae
857 1015 963 1061 nomm
983 1005 1041 1079 eet,
1063 997 1115 1060 uli
1133 1007 1229 1081 porta
1249 1018 1328 1061 nnec
1354 999 1427 1061 1*νί-

236 1097 367 1173 nemina.

278 1175 448 1270 >manen
471 1192 502 1258 v
522 1194 561 1258 n:
584 1178 724 1258 Xtox.

277 1291 358 1354 cult.
387 1297 454 1356 rico
479 1296 640 1376 paeonum)
686 1292 730 1359 C:
756 1312 851 1376 cuper
876 1297 977 1357 eitum.
1025 1291 1067 1356 U:
1093 1312 1187 1376 anper
1212 1313 1308 1357 ouum.
1335 1293 1367 1357 V
1387 1293 1427 1357 F:

236 1388 377 1466 auronm5
397 1392 429 1454 in
451 1393 586 1455 omnibus
609 1411 667 1453 om.
679 1410 836 1474 passuum.
879 1391 947 1455 Pol.
971 1395 1104 1455 correxit
1125 1391 1180 1456 aul
1191 1400 1302 1456 terram
1308 1413 1324 1472 ,·
1346 1392 1429 1457 Cor-

236 1490 302 1550 rad.
323 1490 656 1568 Ductus-outteraituo,
679 1490 837 1571 explicans
860 1492 1055 1571 „aedificatus
1077 1493 1133 1553 sub
1152 1490 1428 1571 terrama-Herm.

236 1586 293 1652 ont
319 1595 432 1652 terram
451 1594 558 1668 meam,
585 1611 632 1656 sc.
653 1591 756 1654 habet.
799 1589 840 1654 Ut
864 1592 970 1670 paucis
999 1592 1110 1653 dicam:
1153 1591 1313 1653 mutilitnte
1341 1592 1429 1653 initio

237 1691 391 1750 exaratum
413 1689 487 1751 ruit:
509 1710 604 1773 super
626 1733 764 1752 ......
782 1708 887 1767 annm,·
915 1690 997 1771 quod
1023 1693 1106 1752 rectc
1134 1690 1275 1771 expietur
1301 1689 1372 1782 inl
1399 1694 1431 1752 ot

238 1798 307 1849 rec:
329 1784 526 1852 catterraneu
548 1793 615 1852 rico
636 1806 793 1873 paeonum.
837 1787 986 1868 Compara
1006 1788 1077 1851 Λή.
1104 1793 1135 1850 6.
1165 1792 1195 1850 1.
1226 1792 1263 1851 10
1290 1791 1351 1850 etc.
1379 1789 1430 1850 uiri

240 1886 414 1947 constanter
435 1892 641 1968 opponuntur:
662 1890 860 1952 subterraneo
882 1890 950 1950 riou
972 1921 1011 1933 —-
1032 1907 1130 1971 capra
1151 1897 1273 1952 terram.

279 1983 393 2047 onlstm
416 1992 449 2049 et
466 1998 594 2050 arenata
618 1990 726 2071 opere)
757 1987 782 2052 G
804 1985 847 2049 U:
878 1987 1061 2050 substructio
1084 1996 1116 2050 et
1135 1995 1313 2051 arcuatum.
1340 1985 1374 2049 V·
1392 1987 1432 2048 F:

238 2080 423 2148 ontelruclio
445 2092 478 2149 et
496 2095 666 2150 arcuatam.
689 2087 784 2148 Paris.
808 2089 839 2149 ct
860 2104 930 2149 rect
952 2086 1176 2149 substructione
1199 2083 1251 2168 [lt
1273 2085 1434 2148 entotrue-

238 2186 337 2256 tiouc)
364 2191 397 2247 et
420 2204 518 2268 supra
543 2195 654 2250 terram
680 2196 808 2248 arenula
835 2204 941 2269 opere.
972 2184 1039 2248 Pol.
1072 2187 1197 2266 scripsit
1210 2184 1435 2248 entolruetioae

239 2290 273 2345 et
301 2286 482 2348 arcuatione
527 2281 585 2368 (ex
617 2287 686 2348 Λή.
717 2291 755 2350 lo
784 2288 816 2348 et
842 2282 931 2368 111),
974 2270 1159 2350 Corradinna
1186 2284 1372 2348 ontotrnctio
1404 2291 1437 2346 et

239 2389 417 2462 arcnntura,
455 2382 631 2448 Schuitnius
669 2386 852 2449 eututrnetr'o
884 2391 917 2448 et
946 2389 1099 2461 arcuatia,
1134 2383 1328 2447 Heinrichius
1360 2382 1436 2446 onl-

240 2488 436 2552 otrnctionem
457 2491 489 2548 et
507 2496 713 2564 arcuaturam,
744 2505 790 2547 se.
815 2484 917 2548 hahet.
958 2484 1087 2546 Primum
1112 2492 1280 2546 armatura
1305 2501 1366 2544 non
1388 2484 1437 2544 est

240 2583 419 2646 vocabulum
442 2583 680 2663 Frontinianum3
703 2588 763 2646 turn
786 2603 875 2646 casus
896 2584 1066 2644 nominandi
1092 2585 1123 2644 in
1144 2581 1200 2644 hac
1223 2581 1436 2644 sententiarum

248 2684 329 2744 serie
356 2683 548 2744 Frontiniano
581 2702 638 2744 usn
672 2683 885 2743 alienissimum
928 2680 1015 2756 Lege
1044 2682 1141 2760 ipsum
1168 2681 1337 2743 Frontinum
1364 2677 1435 2740 Λή.

244 2782 274 2840 1.
297 2784 326 2841 9.
350 2784 398 2840 10.
423 2784 472 2842 11.
497 2785 544 2842 14.
568 2785 617 2842 15.
658 2779 706 2842 Tu
728 2781 823 2856 igitur
842 2779 981 2858 protinus
1003 2795 1135 2858 repone:
1180 2786 1308 2843 arenata
1330 2796 1436 2861 opere.

239 2877 387 2940 ‘Nimirum
408 2888 578 2941 arenatnra
597 2882 722 2960 proptor
744 2878 950 2958 compendium
974 2881 1144 2958 corruptum
1166 2897 1237 2941 esse
1250 2896 1290 2939 ex
1306 2885 1435 2940 arcuato

245 2996 350 3059 opere,
373 2979 449 3038 satis
472 2997 622 3063 superque
645 2979 741 3060 liquet
762 2996 802 3039 cx
823 2975 965 3038 librorum
987 2979 1179 3056 auctoritate,
1208 2981 1255 3041 sic
1277 2976 1437 3039 similiter-

246 3095 304 3160 que
326 3075 501 3152 legentium.

284 3193 377 3260 praa.
406 3175 613 3258 alpertum)
662 3175 741 3237 liele
772 3173 825 3236 ael.
853 3173 951 3236 Infra:
992 3180 1133 3258 proxime
1159 3179 1252 3238 eiam.
1279 3175 1348 3237 Art
1378 3181 1436 3237 15:

243 3279 375 3359 propina
398 3275 517 3340 Urbem.
539 3275 609 3338 Λή.
633 3279 687 3337 lt:
716 3293 818 3358 prope
841 3273 960 3337 Urbem.
992 3273 1126 3337 Gronov.
1149 3275 1216 3336 uba.
1243 3295 1274 3355 p.
1303 3279 1360 3336 341
1391 3294 1439 3356 sq.

245 3374 384 3438 Hninn.
407 3376 554 3438 Retinent
574 3374 643 3436 iibri
664 3377 786 3454 praeter
809 3372 834 3438 C
857 3372 894 3453 U,
918 3374 948 3434 in
970 3374 1079 3453 quihus
1098 3378 1269 3457 proximum
1287 3381 1371 3456 pori.

282 3474 327 3536 acl
347 3472 440 3556 Spem
464 3469 617 3555 Veterem)
657 3472 699 3538 C:
732 3472 793 3535 arla
806 3515 815 3533 .
829 3515 838 3533 .
853 3516 861 3532 .
874 3491 919 3537 em
939 3481 1080 3536 celerem.
1124 3470 1167 3538 U:
1200 3473 1245 3536 au
1270 3477 1360 3535 anien
1387 3492 1443 3533 ecr

246 3582 389 3637 ueterem.
436 3573 533 3635 Paria.
562 3572 589 3636 U
621 3572 642 3633 J
668 3576 699 3633 et
727 3589 794 3634 rec:
836 3573 881 3634 aul
909 3575 1047 3635 arionem
1071 3581 1214 3635 celerem.
1257 3572 1280 3634 F
1311 3571 1354 3634 0:
1397 3571 1444 3632 ael

247 3677 383 3736 anienem
403 3681 465 3734 oet.
508 3672 618 3734 Vcrarn
645 3672 806 3734 lectionem
828 3673 962 3735 restituit
986 3671 1054 3734 Pol.
1082 3674 1188 3752 partim
1211 3691 1251 3733 ex
1273 3670 1311 3748 C,
1333 3671 1443 3750 partim

248 3790 288 3832 ex
309 3770 379 3831 Art.
402 3774 454 3831 65.
479 3769 527 3834 Gi.
550 3771 625 3834 Scir.
647 3770 673 3832 I.
696 3775 727 3831 4.

292 3869 438 3951 Torquet.
461 3877 494 3932 et
510 3869 635 3943 Plani.)
657 3869 736 3932 Tres
759 3869 854 3932 codd:
891 3869 1166 3950 Torquatianorum
1195 3864 1270 3948 [non
1297 3866 1443 3948 Torqua-

248 3975 340 4046 linco,
363 3973 395 4030 ut
415 3967 484 4031 Pol.
507 3987 547 4030 ex
569 3969 595 4034 G
617 3966 738 4052 retulit)
762 3979 795 4032 et
804 4010 950 4030 .......
962 3985 1077 4028 norum.
1115 3966 1211 4028 Paris.
1234 3966 1257 4028 F
1276 3966 1296 4026 J
1318 3970 1349 4027 ct
1370 3985 1442 4031 rec:

253 4071 525 4152 Torquatianorum
547 4078 578 4131 et
597 4071 770 4132 Alsietinae
793 4064 907 4148 [Paria.
934 4067 1177 4148 Torquatiorum.
1215 4065 1260 4129 B:
1298 4066 1443 4148 Torqua-

251 4175 378 4233 tiuornm
399 4164 588 4250 Aloieiinae)
613 4171 775 4248 Aupnetue
800 4184 922 4227 ramum.
949 4183 980 4224 v.
1002 4162 1130 4226 Annott.
1157 4163 1190 4224 ln
1217 4183 1302 4246 seqq.
1317 4169 1442 4226 serratus

250 4288 314 4331 anm
346 4267 503 4348 rationem,
530 4267 698 4350 quaiocum
719 4264 877 4328 constituit
909 4262 976 4327 Pol.
998 4259 1081 4325 Libri
1104 4265 1234 4327 turbant.
1269 4263 1310 4329 C:
1328 4284 1443 4326 ramum

249 4370 407 4449 Auruncae
434 4366 501 4429 alia
535 4364 603 4448 [vei
624 4364 701 4438 ala)
719 4405 813 4427 .....
824 4365 856 4424 in
877 4362 981 4445 suppl.
1003 4366 1071 4424 eino
1090 4362 1228 4427 additum
1240 4410 1248 4428 .
1261 4410 1270 4428 .
1283 4409 1291 4426 .
1305 4409 1312 4426 .
1325 4368 1395 4426 tneo
1409 4407 1440 4424 ..

249 4487 355 4530 nornen
367 4509 481 4533 ......
494 4464 576 4530 lenti
596 4463 806 4529 Gemellorum.
840 4463 871 4527 in
891 4460 935 4530 Ut
963 4481 1076 4527 ramum
1096 4465 1255 4547 Anpuotae
1276 4464 1441 4527 aba...in
