2978 4988
96 361 147 436 38
443 360 515 436 DF}
541 359 732 453 sputu
758 355 1034 438 buculcus,

121 599 172 675 23
223 623 225 628 ·
250 598 424 690 Quoniam
447 605 611 668 auctores
628 594 801 689 cuiusque
825 615 940 689 equae
965 600 1172 685 ebrietates,
1199 603 1383 691 praeterea

196 716 354 813 origines
381 723 414 789 et
441 709 677 810 longitudines
703 711 858 784 rivorum
885 717 921 783 et
945 707 1101 784 ordinem
1127 708 1237 783 librae
1253 730 1382 807 perue-

90 909 440 926 w

198 1016 282 1079 biicii
302 1018 368 1079 sine
390 1013 641 1094 interpunctione.
671 1009 812 1087 Pergiiur
832 1008 860 1070 in
882 1008 929 1071 V:
956 1028 1025 1072 oum
1051 1029 1116 1097 oum
1137 1002 1236 1072 causo
1260 993 1384 1098 uidetur

191 1119 298 1196 socius
316 1115 408 1195 finiri.
431 1114 459 1173 in
482 1111 558 1173 edd:
595 1132 664 1172 nom
694 1113 760 1172 eius
792 1128 890 1171 causa
916 1111 1040 1174 videtur
1067 1130 1137 1172 ecee
1165 1110 1273 1190 suctus
1305 1106 1383 1190 (our.

191 1215 295 1296 finiri).
338 1214 386 1275 Ex
408 1212 465 1273 hac
486 1210 686 1289 corruptionis
707 1209 791 1290 quusi
811 1207 941 1271 historia
967 1211 1068 1290 patet,
1096 1212 1180 1272 recte
1208 1227 1243 1271 sc
1269 1207 1384 1269 babere
1415 1244 1427 1253 -

194 1315 306 1376 coiit-is
330 1309 356 1375 (i
377 1310 547 1372 lectionem.
591 1308 838 1396 Quemadmodum
861 1326 902 1369 ex
921 1309 1079 1372 Alsietino
1105 1308 1163 1381 eliu
1183 1302 1384 1391 quoquum-

193 1415 269 1474 minu
291 1418 356 1474 orta
376 1412 447 1487 siut,
471 1409 560 1470 dccet
581 1408 702 1469 Bunseu
723 1407 900 1470 Beschrcib.
923 1407 1017 1470 Rome
1037 1409 1095 1471 Bd.
1118 1408 1142 1470 Ι.
1164 1427 1197 1488 p.
1219 1412 1292 1471 2⁰5.

127 1567 160 1617 23
234 1563 392 1632 auctores)
422 1557 467 1621 U:
488 1562 637 1620 auctoris.
658 1556 704 1621 Vt
726 1555 806 1618 inde
826 1566 982 1622 auctores·
1003 1557 1026 1617 F
1049 1576 1107 1619 orn.
1130 1557 1289 1652 Quoniam.

237 1656 386 1741 oripinec)
407 1658 507 1720 Libri:
530 1657 664 1731 ordines,
686 1659 807 1735 praeter
828 1656 858 1717 V
877 1655 911 1734 F,
933 1657 982 1742 qui
1004 1658 1141 1722 ordinem
1161 1667 1192 1721 et
1212 1657 1382 1737 turpitudi-

191 1782 268 1823 nem.
312 1759 401 1822 Licet
420 1757 497 1818 orzio
520 1756 607 1817 etiam
629 1755 781 1834 significet
800 1774 897 1817 rerum
919 1758 1040 1836 seriem,
1063 1777 1137 1839 quas
1159 1757 1262 1818 ordine
1285 1775 1341 1818 suo
1366 1774 1383 1816 u
1417 1776 1421 1782 ·

191 1858 327 1938 principi.
361 1856 569 1937 persequimur
599 1855 650 1918 ici.
675 1851 741 1916 Cic.
763 1854 847 1916 Brut.
870 1861 906 1920 4:
937 1856 1105 1937 explicatis
1126 1855 1284 1919 ordinibus
1305 1865 1384 1916 tem-

189 1957 338 2041 porum),
365 1959 493 2017 ettamen
520 1953 579 2015 hoc
606 1952 675 2015 locu
697 1954 920 2032 praeferendum
943 1955 1015 2015 duxi
1036 1954 1112 2016 Scir.
1145 1953 1380 2018 emendationem

191 2059 337 2136 cripiens,
359 2054 524 2133 respiciens
545 2070 642 2115 rerum
663 2051 775 2116 Arte
803 2054 989 2134 propositum
1015 2071 1034 2113 a
1061 2055 1204 2118 Frontino
1225 2054 1380 2126 ordinem,

188 2155 265 2216 uruic
286 2153 344 2216 lruc
366 2152 449 2215 trahe
471 2152 582 2215 verbu:
605 2150 717 2214 deinde
738 2153 845 2233 quibus
866 2173 906 2216 eu
927 2154 1007 2216 iocis
1033 2161 1065 2214 et
1085 2173 1106 2216 a
1127 2162 1218 2236 quoto
1234 2153 1381 2214 milliario

191 2257 376 2336 coepissent.

235 2373 321 2435 pere.
344 2350 426 2433 cum)
450 2352 491 2414 F:
513 2353 581 2414 eim.

231 2473 291 2515 noo
312 2454 441 2514 uiienmo
462 2452 534 2513 mibi
553 2451 693 2534 uidetur)
717 2451 762 2515 lic
783 2450 810 2513 U
830 2452 860 2514 V
882 2456 913 2518 ei
935 2453 1018 2530 eriri„
1041 2454 1111 2514 item
1128 2451 1224 2514 Puris.
1247 2450 1380 2514 Attii:

189 2552 266 2616 Non
287 2552 416 2626 ebenum
437 2551 509 2613 mibi
528 2556 626 2614 cisum
647 2561 705 2614 cst.
732 2554 845 2617 Noster
868 2536 1004 2628 Struie'g.
1027 2551 1050 2613 1.
1074 2555 1104 2626 i,
1128 2555 1167 2612 i:
1200 2552 1276 2615 Non
1298 2552 1381 2614 utie-

190 2671 256 2727 nuc,
278 2636 475 2726 ut‘urbitror,
497 2651 548 2712 bic
569 2650 656 2713 locrus
678 2662 735 2727 est,
756 2652 911 2731 referendi
933 2656 993 2713 cei.
1015 2650 1109 2733 Atqui
1132 2650 1157 2717 C
1180 2650 1306 2714 exhibet
1323 2649 1381 2712 huc

190 2751 344 2826 oenigma:
367 2769 428 2810 ooo
449 2736 592 2814 uiieoiuu
617 2751 700 2812 modi
719 2752 810 2812 miebr'
829 2749 894 2812 oiri.
917 2752 965 2813 Fx
987 2769 1045 2831 quo
1059 2749 1183 2813 Corrud.
1198 2751 1271 2811 iecit
1286 2750 1382 2810 alieni

190 2858 289 2910 autem
309 2847 401 2921 modi,
424 2848 504 2930 quod
525 2867 677 2928 perperam
700 2850 815 2928 recepit
835 2847 945 2912 Adier.
969 2848 1042 2910 Scir.
1064 2852 1195 2913 alienum
1208 2848 1379 2911 admodum.

193 2947 295 3009 Heinr.
317 2947 448 3006 alienum
469 2958 525 3008 cut
544 2949 742 3010 immodicum.
768 2947 836 3010 Pol.
854 2948 949 3009 alieni
971 2990 1114 3010 .....
1136 2950 1229 3025 morbi,
1250 2949 1382 3028 genuino

190 3044 267 3108 haec
288 3044 393 3106 saitem
415 3047 510 3108 rerba
530 3037 622 3109 retus.
667 3046 758 3110 Certe
781 3040 886 3108 ecdem
909 3047 973 3108 iure
994 3049 1053 3110 dici
1074 3053 1177 3128 potest
1203 3068 1263 3110 nco
1285 3049 1381 3110 atiena·

191 3144 274 3208 modi
294 3143 366 3207 mibi
386 3165 456 3207 ecee
476 3146 608 3224 videtur,
631 3165 688 3228 quc
711 3147 786 3208 infru
807 3146 873 3209 seu
893 3151 1024 3210 rationis
1046 3152 1198 3212 existimo.
1220 3149 1270 3210 Au
1287 3148 1381 3224 Igitur

191 3244 349 3321 legencium
372 3244 469 3319 alieni
489 3266 566 3308 nunc
588 3229 673 3318 (oe)
696 3246 747 3307 vei
770 3249 829 3308 ium
852 3230 932 3322 (ἦ)
955 3241 1062 3310 modi?
1102 3245 1197 3308 Ratio
1221 3251 1252 3311 et
1273 3247 1381 3308 modus

192 3363 285 3424 saepe
308 3345 476 3424 promiscue
498 3349 689 3424 usurpantur3
719 3349 751 3407 et
778 3347 931 3423 formulam
952 3348 1086 3410 rationis
1108 3355 1156 3407 est
1174 3345 1271 3408 habes
1291 3347 1380 3407 etium

192 3442 349 3506 Coiumcii.
372 3443 425 3505 lll.
446 3449 478 3507 5.
919 3439 922 3443 ’

233 3543 356 3622 einpuiu
377 3533 544 3618 subiicere)
588 3540 680 3606 GU:
712 3542 863 3606 emtum.
905 3543 939 3607 iu
959 3544 1056 3607 Puris.
1078 3561 1133 3625 pro
1155 3545 1279 3624 cinpuia
1301 3563 1379 3607 mun.

192 3658 255 3702 sec.
276 3642 353 3704 iuter
373 3641 467 3704 lineus
485 3644 619 3724 fistulae.
660 3641 684 3704 F
706 3661 763 3705 our.
785 3647 888 3705 ctiam.

230 3759 290 3821 per
311 3743 401 3823 quot)
424 3741 463 3803 V.
485 3741 520 3804 F.
544 3761 602 3803 om.
621 3761 739 3824 per.·-
761 3738 942 3824 moueatur]
964 3742 1046 3805 Libri
1069 3742 1138 3806 ded.
1162 3762 1194 3802 v.
1206 3744 1243 3803 ud
1255 3745 1314 3806 Art
1330 3749 1380 3807 20.

232 3841 314 3899 intra
337 3838 462 3919 Urbem)
483 3837 528 3903 Gt
551 3846 582 3903 in
602 3840 713 3904 urbem.
733 3843 781 3902 eui
803 3841 962 3921 applaudit*
978 3839 1103 3907 Currud.
1141 3839 1221 3906 Scir:
1244 3846 1275 3903 io
1297 3845 1380 3908 urbe.

191 3935 236 3999 At
264 3939 379 3999 centies
405 3938 563 4002 Frontinus
585 3941 711 4019 opponit
732 3949 822 4002 entra
843 3939 961 4019 urbem,
987 3943 1070 4003 intra
1091 3941 1202 4004 urbem.
1244 3940 1380 4004 Bioudus

192 4036 316 4097 Fiuvius
338 4033 377 4117 [l.
401 4055 427 4101 c.
450 4037 480 4098 in
501 4035 647 4121 Annon.)
671 4038 811 4102 exhibctr
849 4047 910 4101 tum
936 4043 1017 4102 iutra
1044 4060 1132 4123 ouum
1158 4048 1248 4102 rutra
1268 4042 1380 4106 urbem.

192 4133 297 4197 Ucm.
319 4144 460 4217 puuctum
485 4141 566 4198 intro
587 4138 698 4200 urbem.

233 4233 371 4316 lucibus)
394 4234 447 4298 Sic
469 4234 506 4298 G.
529 4257 561 4296 v.
584 4238 620 4298 ud
642 4237 710 4300 Art.
733 4244 762 4300 3.

232 4336 350 4395 nomine
370 4330 482 4415 Coeo.)
503 4356 535 4396 v.
559 4336 595 4396 ud
616 4337 686 4398 Art.
711 4341 761 4399 18.
803 4334 939 4399 Biondus
971 4337 1094 4400 Fluvios
1123 4337 1145 4399 i.
1175 4356 1203 4399 e.
1237 4341 1378 4405 exhibet:

192 4441 332 4513 puuctum
351 4452 429 4494 nuno
452 4433 543 4496 Once.
555 4467 594 4478 -
616 4434 727 4498 'Fctum
748 4435 845 4497 locum
866 4454 887 4496 u
907 4437 1009 4499 vorbis
1032 4449 1062 4500 et
1075 4459 1134 4519 per
1156 4448 1229 4521 quot
1249 4443 1381 4504 castello

192 4550 284 4611 usque
308 4532 345 4595 eri
365 4541 506 4614 eropetur
526 4533 600 4597 Scir.
623 4536 753 4616 spurium
775 4534 895 4614 iudicet,
923 4541 955 4601 ut
977 4555 1017 4601 cx
1038 4539 1108 4603 Art.
1130 4544 1150 4601 3
1171 4540 1338 4620 repetitum.
