2978 4950
79 374 84 382 .
151 278 322 357 xxvru
640 278 964 358 ronnrnmo.

148 526 220 590 tem
245 489 352 605 licuit,
389 523 427 586 ut
460 536 563 610 quam
588 513 872 588 emendatissima
898 513 1117 613 (fragmenta
1143 513 1225 608 illa]
1251 515 1285 589 in
1310 538 1438 591 manus

148 658 230 721 tuas
260 647 437 720 venirent:
477 647 638 743 quamvis
670 648 706 720 in
729 648 898 722 Frontino
933 645 968 720 id
993 647 1176 744 peiuscule
1201 656 1436 745 successerit,

148 777 238 853 adeo
263 788 303 851 ut
325 803 370 851 ne
395 778 533 875 quidem
559 780 662 854 nobis
687 779 755 878 ipsi
787 779 1087 871 satisfecerimus3
1126 779 1162 853 id
1192 790 1308 855 tamen
1344 783 1436 878 quod

147 917 273 987 mirum
306 935 377 986 non
409 921 466 984 est
498 915 533 983 in
567 921 710 985 auctore
743 924 813 986 tam
845 911 1046 1011 depravato,
1087 911 1180 986 nullo
1206 912 1308 987 nobis
1336 914 1438 988 iretis

149 1045 313 1142 exemplo
338 1044 543 1140 vetustiore,
577 1056 615 1117 ut
639 1050 673 1118 si
698 1046 767 1118 iam
792 1047 870 1143 ipse
896 1045 1099 1140 reviviscat,
1127 1046 1174 1117 sit
1197 1044 1342 1120 Bellum
1368 1072 1436 1120 ua·

146 1186 294 1252 tutorem
327 1176 507 1251 habiturus
547 1177 582 1250 in
619 1178 747 1251 votis.“
810 1177 914 1251 Haec
949 1176 1066 1273 editio,
1107 1199 1210 1272 quam
1244 1175 1436 1278 Gymnasii

145 1316 259 1385 nostri
285 1309 494 1385 bibliotheca
518 1308 601 1382 mihi
626 1310 826 1407 suggessit,
853 1310 888 1383 in
901 1300 1049 1386 ,dnnott
1075 1309 1295 1406 significatur
1320 1313 1434 1388 littera

144 1445 190 1550 ll.
214 1474 266 1497 ·-
291 1443 384 1516 'l'um
418 1466 497 1516 cum
529 1442 685 1516 Vitruvii
720 1439 764 1517 de
796 1437 935 1516 Archit.
968 1441 1066 1517 libris
1102 1441 1225 1517 decem
1256 1444 1290 1517 in
1316 1442 1433 1522 lucem

144 1574 291 1674 prodiit:
325 1573 463 1653 Sexti
487 1572 603 1648 Julii
628 1574 840 1648 Frontiui
865 1570 916 1649 de
941 1572 1333 1670 Aquaeductibus
1360 1601 1431 1651 ur-

145 1708 219 1785 bis
242 1708 412 1781 Romae
438 1705 655 1798 libellus,
693 1701 1296 1803 Argentoratran.1543.in
1323 1709 1429 1782 olli-

143 1840 245 1915 cina
264 1837 613 1920 Kuoblochiane
635 1863 714 1938 per
737 1836 975 1936 Georgium
999 1839 1427 1938 Machaeropoeum.

143 1971 227 2071 (l).
276 1969 407 2068 Editio,
434 1971 571 2047 Poleno
596 1970 722 2068 iudice,
751 1988 800 2044 ex
824 1970 879 2045 ed.
904 1969 986 2046 Joc.
1012 1971 1210 2071 descripta:
1246 1997 1339 2070 quae
1365 1999 1425 2049 re-

140 2106 249 2206 petita
271 2114 326 2179 est
344 2104 499 2202 Argent.
521 2102 913 2179 an.1550.-1)eind0
939 2102 1045 2182 Sex.
1069 2106 1097 2181 J
1105 2105 1187 2179 ulii
1212 2107 1426 2183 Frontini

141 2235 471 2321 commentarii
505 2234 558 2311 dc
581 2236 968 2334 Aquaeductibus
995 2248 1038 2312 et
1063 2235 1283 2317 Ooloniis
1310 2241 1425 2314 recusi

141 2379 225 2447 sunt
255 2371 290 2445 in
325 2369 499 2469 0nuphrii
529 2371 692 2445 Panvimi
726 2368 960 2469 Reipublicae
985 2369 1168 2446 Romanae
1196 2367 1426 2449 Commenta·

139 2505 215 2599 nile,
241 2503 359 2578 Paris.
386 2529 440 2578 an.
466 2501 576 2577 1588.
603 2501 695 2601 apud
713 2503 908 2602 Aegidium
930 2514 965 2577 et
982 2502 1169 2578 Nicolaum
1185 2502 1326 2580 Gillios.
1341 2504 1428 2602 (8).

141 2634 246 2729 Quae
263 2654 265 2660 ’
283 2635 399 2731 editio,
440 2660 461 2709 e
493 2633 683 2735 Gymnasii
719 2641 832 2709 nostri
868 2635 1076 2710 bibliotheca
1116 2662 1137 2709 a
1174 2662 1231 2711 me
1269 2651 1421 2734 recepta,

139 2769 312 2849 simillima
337 2777 394 2842 est
418 2764 561 2841 editioni
585 2765 750 2861 Jocundi,
790 2789 893 2863 quam
918 2766 1077 2840 Polenus
1110 2781 1256 2843 secutus
1282 2779 1347 2865 est,
1386 2780 1425 2843 ut

138 2901 244 2977 buius
276 2900 356 2975 loco
390 2923 460 2997 ego
493 2924 536 2973 ea
560 2919 650 2973 usus
675 2900 753 2972 sim.
777 2938 829 2953 -
854 2897 1086 2996 Sequentium
1112 2900 1298 2975 editionum
1323 2903 1424 2998 quasi

135 3034 213 3111 dux
245 3044 303 3109 est
335 3030 478 3108 editio
510 3033 639 3108 Petri
669 3028 924 3125 Scriveril,
961 3032 1184 3133 Antverp.
1216 3059 1278 3108 au.
1304 3033 1424 3109 1607:

137 3168 197 3268 qui
230 3165 265 3243 in
290 3163 446 3242 Praefat.
471 3189 513 3240 se
539 3191 587 3240 ex
612 3175 748 3264 septem
774 3164 955 3240 codicibus
980 3191 1085 3240 manu
1110 3168 1251 3264 seriptis
1276 3168 1423 3242 Fronti-

135 3324 220 3379 num
243 3300 456 3378 emendasse
480 3299 667 3396 gloriatum
703 3307 876 3373 ettamen
901 3299 985 3373 nihil
1010 3300 1120 3373 attulit
1144 3299 1336 3397 siugulme,
1365 3307 1422 3375 ni-

136 3433 185 3509 bil
216 3435 354 3509 omnino
388 3432 546 3532 proiecit.
619 3431 683 3506 Ex
717 3428 891 3509 Scriverii
932 3432 1083 3507 editione
1114 3433 1320 3507 Frontinum
1360 3458 1422 3507 re·

135 3565 236 3666 petiit
280 3566 458 3640 Robcrt
510 3563 816 3639 Keuclrenius
859 3564 1139 3640 Amstelaed.
1190 3590 1252 3639 an.
1310 3563 1421 3639 1661.

136 3703 301 3794 notisque
340 3698 429 3771 satis
463 3698 611 3795 prolixis
646 3696 836 3772 adornavit.
904 3696 982 3776 Sed
1015 3698 1070 3771 hic
1103 3720 1242 3794 quoque
1276 3722 1421 3794 operam

134 3830 296 3933 perdidit,
343 3840 379 3915 et
402 3852 551 3928 prorsus
577 3830 661 3905 nihil
686 3829 731 3904 ad
754 3832 964 3906 Frontinum·
988 3826 1240 3904 emendandum
1265 3829 1420 3902 contulit.

133 3963 335 4040 Keucbenii
358 3962 507 4061 denique
534 3964 638 4040 editio
663 3965 801 4038 transiit
824 3969 860 4036 in
881 3958 1030 4036 Graevii
1043 3959 1288 4056 'l'lres.Antiq.
1313 3958 1421 4036 Rom.

15 4202 20 4207 ἢ
54 4079 56 4086 ’
136 4097 182 4174 r.
206 4098 276 4174 lv.
301 4123 335 4197 p.
361 4094 471 4171 mar.
495 4095 664 4196 nugam
688 4098 814 4174 oaov.
840 4117 895 4169 an.
920 4089 1030 4165 nour.

230 4229 377 4307 Novum
414 4230 540 4306 deinde
578 4229 680 4302 sidus
718 4227 877 4301 obortum
914 4221 1035 4298 radios
1072 4247 1161 4297 suos
1194 4223 1356 4299 foventes
1382 4231 1418 4300 in

133 4374 330 4464 torpentem
363 4363 477 4439 adhuc
509 4384 665 4437 massam
699 4361 818 4432 emisit
847 4357 1082 4453 tenebrasque
1107 4356 1279 4432 obductas
1305 4357 1419 4433 adbuc

132 4496 365 4575 densissimas
393 4496 575 4573 discussit
624 4489 763 4569 Prodiit
788 4490 898 4567 euim:
926 4488 1035 4573 Sex·
1060 4490 1087 4567 J
1095 4491 1179 4567 ulii
1203 4492 1237 4569 F
1246 4492 1418 4605 rontini
