2978 4950
154 312 229 389 1to
577 306 1021 391 ANNO'FAFIONES.

155 569 210 634 pro
247 542 400 611 desumit?
434 550 454 609 i.
484 565 529 608 e.v
548 545 737 624 decurritur,
775 548 950 608 sexcenties
982 550 1012 608 in
1045 546 1152 622 codd,
1195 546 1283 606 etiam
1317 544 1439 622 nostris,

107 704 137 720 ι-
156 661 402 745 deprehenditur3
430 666 478 724 eui
506 663 654 724 sanandae
680 669 728 726 est
751 664 822 724 edd.
851 663 942 723 tectio
973 662 1155 723 decernitur.
1209 660 1303 741 Unica
1323 662 1443 721 andacia

53 779 55 783 ’
157 785 222 857 est,
242 779 329 861 Ιφιοι]
352 778 421 838 ioco
445 781 569 839 monstri
591 797 669 839 arua
688 781 811 858 reposui
836 779 964 844 erebro:
992 781 1077 839 euius
1105 779 1192 837 vocis
1221 777 1441 840 locotortasse

152 897 286 977 positum
310 899 373 956 erat
394 894 593 970 adieetivnm,
615 893 652 954 ad
674 914 757 955 asom
778 895 943 973 pertinens.

154 1075 158 1082 ’
239 1062 375 1141 apertis]
417 1057 603 1119 Vocabulum
636 1077 729 1140 opens
766 1055 942 1120 Schuitnins
977 1057 1101 1118 aiiirmat
1126 1075 1220 1136 posse
1247 1053 1298 1117 hie
1326 1056 1442 1137 quidem

140 1161 329 1254 ‘significare
352 1180 534 1251 „agentem
557 1191 601 1236 sa.
627 1150 808 1252 mensuram,
836 1172 1110 1252 agrinrensorem“‚
1139 1171 1266 1246 (collato
1290 1172 1385 1234 Goes.
1407 1173 1441 1231 ad

156 1290 272 1369 Hygia.
301 1292 338 1350 dc
365 1289 450 1350 iimit.
481 1290 641 1366 constit),
681 1289 770 1368 idque
797 1287 938 1350 Frontino
967 1289 1155 1348 contraxisse
1184 1289 1389 1364 ignominiam,
1412 1291 1443 1348 ut

156 1409 262 1468 auctor
282 1404 422 1466 librorum
446 1404 485 1466 de
506 1423 647 1484 aprorum
664 1404 810 1487 qualitate
831 1406 863 1465 et
883 1403 923 1464 de
938 1403 1070 1464 colouiis
1091 1403 1238 1464 iudicatus
1260 1405 1311 1480 sit,
1339 1423 1441 1484 quarn-

156 1522 206 1583 vis
227 1521 259 1581 iri
281 1538 340 1581 non
362 1523 430 1580 ante
452 1521 603 1581 saeculnm
624 1520 756 1601 quintum
778 1519 839 1580 sint
849 1518 973 1579 conditi.
986 1551 1027 1560 -
1041 1517 1233 1596 Significatio
1250 1520 1338 1579 vocis
1351 1539 1442 1599 opens

156 1637 301 1699 latissime
323 1636 350 1696 in
372 1636 653 1697 administrationem
676 1634 946 1695 diversissimorum
968 1652 1117 1694 muncrum
1139 1634 1323 1713 publicorum
1347 1653 1442 1695 ramos

157 1753 231 1831 agit.
265 1750 422 1838 Quomodo
446 1752 541 1811 antem
559 1754 662 1811 nostro
679 1748 761 1825 loco,
784 1749 834 1809 nbi
857 1749 895 1809 dc
916 1767 1054 1829 aquarum
1077 1766 1148 1808 eura
1168 1751 1280 1826 agitor,
1303 1749 1366 1811 tieri
1385 1770 1443 1829 po-

157 1867 262 1944 tuerit,
285 1870 316 1926 ut
333 1866 536 1943 agrimensor,
559 1868 693 1945 tanquam
717 1864 792 1924 deus
814 1880 854 1924 ex
873 1861 1026 1939 machina,
1048 1869 1161 1942 partem
1178 1867 1359 1944 susceperit,
1381 1884 1441 1942 ego

156 1981 291 2065 quidem,
312 1979 410 2059 letiam
437 1980 463 2038 si
490 1978 519 2039 in
552 1977 621 2039 loco
649 1981 812 2058 depravato
840 1979 891 2040 vei
920 1979 1201 2040 absconditissimus
1223 1999 1331 2041 sensus
1353 1980 1443 2043 latent

157 2099 220 2168 (-
243 2092 323 2175 qnod
350 2093 468 2175 quidem
497 2092 551 2154 vix
572 2095 663 2156 credo
686 2101 770 2173 —),
796 2093 1000 2156 mediusfidius
1027 2113 1085 2155 non
1107 2093 1259 2171 intelligo.
1302 2095 1461 2155 Proxime·

154 2210 203 2273 hie
226 2209 284 2271 nisi
307 2208 344 2269 dc
365 2227 510 2290 aquarum
532 2219 674 2271 curatore
700 2210 829 2286 cogitari
850 2227 909 2270 non
934 2212 1048 2290 potest.
1092 2209 1124 2270 ln
1146 2207 1256 2270 lexicis
1279 2210 1316 2270 de
1338 2209 1442 2271 huius-

154 2324 234 2388 modi
256 2323 479 2401 significatione
494 2324 592 2385 'altum
615 2325 779 2400 silentium,
802 2326 833 2386 ct
855 2325 981 2386 forsitan
1003 2325 1162 2386 Frontinus
1186 2345 1221 2385 ea
1244 2325 1354 2404 primos
1371 2346 1442 2385 usus

155 2446 222 2522 est3
253 2439 356 2503 eadem
388 2458 459 2501 sane
491 2442 567 2501 ratio
600 2443 649 2502 est
679 2445 854 2523 praepositi
886 2445 938 2512 (v.
960 2447 1092 2520 snpra),
1128 2440 1211 2501 cuius
1239 2442 1442 2519 magistratus,

156 2574 268 2622 summa
296 2574 435 2638 aquarum
464 2572 535 2617 eura
555 2556 701 2635 praediti,
732 2556 898 2635 exemplum
921 2557 951 2616 in
973 2554 1054 2616 nullo
1082 2557 1230 2634 scriptore
1257 2561 1325 2616 ante
1347 2556 1443 2616 Fron-

156 2675 211 2736 tini
241 2674 367 2745 oetatem
395 2689 494 2732 eruas.
529 2670 638 2731 Verum
667 2671 752 2732 etiam
780 2671 850 2733 hnic
879 2672 1012 2749 opinioni
1042 2675 1073 2732 nt
1100 2672 1259 2748 concedas,
1285 2690 1343 2731 non
1367 2671 1443 2732 omni

155 2788 243 2850 modo
273 2786 417 2864 cogeris:
446 2785 566 2847 videtur
587 2785 689 2863 potius
711 2787 859 2846 sententia
880 2802 950 2846 esse
971 2785 1136 2863 generalis,
1160 2793 1191 2847 et
1211 2806 1316 2865 opens,
1340 2792 1443 2865 utpote

156 2903 271 2964 diversi
294 2900 422 2960 muneris
442 2900 653 2978 magistratus,
677 2899 786 2960 debere
808 2901 839 2961 in
862 2901 1033 2961 universum
1056 2900 1133 2979 capi.
1176 2897 1340 2979 Compara,
1369 2920 1443 2982 quae

154 3017 242 3079 initio
263 3014 353 3076 innius
374 3012 443 3075 Art.
467 3015 504 3075 de
525 3024 615 3077 nctus
636 3015 812 3077 monuimus.
853 3013 947 3074 Hane·
965 3033 1083 3097 quoqne
1104 3015 1355 3094 significationem
1377 3015 1443 3078 Ro-

157 3134 253 3210 mani,
276 3131 356 3212 quod
379 3131 488 3209 seiam,
510 3134 578 3191 ante
599 3129 734 3191 Frontini
756 3131 882 3191 aetatem
905 3126 1131 3209 abhorruerunt,
1154 3148 1250 3209 neque
1273 3149 1309 3191 ea
1331 3133 1361 3193 in
1382 3131 1443 3192 nito

153 3249 256 3311 texteo
286 3248 444 3308 censetur:
473 3263 549 3327 quae
578 3245 693 3326 quidem
721 3263 772 3306 res
799 3263 870 3305 casn
891 3246 1003 3306 tantum
1025 3244 1132 3307 factum
1159 3262 1250 3323 csso,
1280 3249 1328 3323 et,
1367 3246 1443 3327 quod

154 3365 257 3426 ionica
277 3363 400 3441 attinet,
424 3361 622 3440 contemptui,
645 3379 703 3442 quo
725 3356 823 3425 adhue
843 3355 1015 3422 Frontinum
1036 3358 1311 3441 prosequebantur,
1346 3362 1444 3440 impu-

156 3482 211 3542 tari
229 3480 343 3558 potest.
376 3477 424 3537 Dc
447 3479 550 3536 cetero
573 3475 709 3556 quoniam
741 3476 829 3537 antea
860 3493 945 3536 nemo
968 3474 1119 3536 Romanus
1150 3475 1188 3536 dc
1220 3486 1326 3556 aquae*
1345 3476 1444 3536 ducti-

154 3594 213 3655 bus
242 3591 347 3652 iibrum
384 3591 565 3668 scripserat,
596 3592 826 3653 consentaneum
862 3592 941 3670 erat,
979 3593 1013 3651 ut
1043 3588 1201 3651 Frontinus
1235 3608 1274 3649 ex
1301 3589 1444 3669 loquendi

156 3705 411 3788 proprietatibus,
439 3723 514 3785 quas
540 3705 570 3765 in
599 3706 733 3782 negotiis
761 3706 893 3786 publicis
919 3706 1036 3767 ferebat
1063 3725 1153 3782 usus,
1184 3703 1302 3765 dicendi
1330 3722 1445 3781 genera

158 3823 335 3884 transferret
352 3819 453 3901 reique
471 3837 544 3880 suae
565 3821 817 3900 accommodaret,
845 3839 940 3904 quae,
968 3821 1057 3883 nobis
1084 3837 1160 3881 nuno
1191 3820 1286 3880 minus
1308 3820 1443 3898 cognita,

158 3940 357 4002 Romanorum
380 3927 477 3995 autem
500 3952 551 3996 ore
573 3935 754 4015 pemmlgata
775 3937 894 4001 inerint.

239 4126 323 4196 relat
352 4135 383 4192 iu
413 4131 547 4213 corpusi)
580 4132 609 4194 in
637 4135 686 4194 ein
713 4134 833 4196 Gonnos
853 4131 1016 4212 'gebracht
1058 4130 1177 4194 Ruhnir.
1211 4130 1249 4192 ad
1275 4130 1388 4193 Vciici.
1415 4150 1444 4210 p,

161 4256 231 4315 293.
253 4269 280 4313 o.
297 4254 327 4312 2.
371 4247 492 4326 Corpus
519 4249 720 4327 descriptis,
750 4249 835 4333 quasi
856 4252 948 4311 totum
972 4267 1064 4328 opus,
1093 4250 1161 4309 sivo
1188 4265 1247 4307 uno
1275 4247 1304 4307 id
1327 4249 1446 4309 masta

160 4367 311 4430 volumine
338 4365 389 4424 aut
409 4362 502 4440 libro,
530 4363 598 4424 sivo
621 4363 767 4442 pluribus.
809 4361 875 4426 (iio.
896 4365 934 4426 ad
955 4362 993 4448 Q.
1014 4363 1061 4425 Fr.
1083 4362 1123 4427 ΙΙ.
1147 4367 1196 4426 ra.
1218 4380 1247 4425 s.
1270 4362 1320 4423 tin.
1365 4363 1443 4423 t'or-

158 4501 218 4564 pus
240 4479 452 4555 historiarum,
474 4478 603 4544 Praeiat.
625 4479 839 4559 Strategcmat.
859 4498 890 4560 p.
906 4483 936 4543 5.
968 4478 1106 4544 aalma.
