2978 4950
167 277 241 353 rae
350 374 366 389 ,Ι
587 226 1077 358 ΑΝΝοτΑτιοΝΕεζ

74 586 78 597 ,
174 514 264 579 ee:
288 534 381 599 opere
398 523 473 595 post
493 533 601 576 omum
622 533 728 576 nonum
748 515 904 578 Mirutias
924 514 1056 576 Praetor
1078 513 1192 605 edidit.¹
1217 516 1289 577 Tum
1312 521 1372 607 etc.
1414 513 1448 575 ,lt

173 651 267 714 opere
283 674 400 695 .....
420 640 494 713 post
509 651 615 693 annum
629 650 737 693 nonam
753 630 907 694 Minatiue
923 630 1055 700 Praetor
1076 631 1173 692 edidit
1228 633 1253 692 B
1277 635 1307 704 et
1329 631 1368 692 al.
1384 648 1447 693 reo:

174 766 277 831 opere.
318 747 428 830 ltaque
459 756 534 830 poet
563 766 671 808 annum
697 765 805 808 oenum
830 748 993 809 Manutius
1020 745 1152 808 Praetor
1183 748 1280 839 edidit
1312 748 1447 810 euticium.

174 863 333 946 inquibus
355 867 437 924 certe
459 847 590 924 edietum
611 881 629 923 a
650 862 746 924 sciolo
769 862 927 927 adiectum.
949 896 988 906 -
1032 862 1148 942 Opsop.
1168 867 1311 924 annotat:
1336 862 1448 939 ,Forte

173 979 272 1041 ediait
292 975 368 1059 (pro
390 974 504 1058 edidit)
512 1021 522 1054 ,
556 978 640 1039 utin
662 996 717 1040 suo
739 977 816 1039 libro
839 996 879 1039 ex
901 980 1072 1039 conlectura
1094 983 1251 1039 notaverat
1271 978 1448 1067 Pithoeus.“

174 1096 312 1177 Denique
335 1091 462 1169 Pighius
482 1092 594 1156 Annal.
614 1092 701 1156 T.11.
718 1113 749 1172 p.
761 1098 812 1155 20.
835 1112 875 1155 ex
898 1093 974 1155 libro
997 1097 1101 1155 neseio
1124 1113 1182 1176 quo
1204 1092 1302 1155 locum
1325 1095 1371 1154 sic
1393 1068 1451 1154 eu-

59 1204 63 1215 '
175 1211 264 1274 tullt:
289 1210 364 1271 Post
385 1229 492 1270 annum
514 1209 624 1270 deinde
644 1227 752 1271 nonum
772 1230 889 1272 rursum
910 1211 1066 1272 Minatiue
1086 1209 1220 1271 Praetor
1239 1209 1354 1295 euadit.
1382 1211 1450 1271 llam

80 1312 83 1333 ²
174 1334 233 1389 ete.
261 1332 292 1388 et
318 1345 358 1386 ex
380 1325 428 1386 bis
449 1324 582 1385 Froutlnl
608 1323 712 1386 verbis
739 1344 814 1387 anno
840 1323 878 1386 U.
902 1345 930 1387 o.
948 1331 1008 1386 ten
1028 1326 1184 1387 lllinutiom
1206 1324 1378 1386 Praetorem
1402 1345 1452 1387 re-

174 1446 282 1505 stituit..
326 1441 482 1521 Utcunque
511 1445 576 1513 est,
607 1443 664 1501 tam
686 1439 864 1504 Praetorem
892 1443 1045 1517 codicum,
1082 1459 1167 1522 quam
1193 1441 1358 1502 Minatium
1386 1441 1451 1503 edi-

78 1588 81 1595 ·
173 1561 285 1621 tionmn
313 1557 475 1633 genuinum
504 1553 620 1633 babeo3
649 1574 713 1616 nam
743 1575 801 1618 non
826 1562 889 1635 est,
919 1559 997 1638 quod
1020 1561 1072 1618 aut
1092 1558 1262 1618 Praetorem
1286 1576 1302 1617 a
1325 1556 1451 1617 librariis

172 1681 222 1737 aut
252 1676 347 1753 ipsum
372 1671 524 1732 Praetoris
546 1690 651 1732 nomen
673 1671 709 1733 ab
732 1674 944 1754 antiquissimis
966 1673 1150 1750 editoribus,
1179 1671 1296 1734 scilieet
1319 1672 1451 1733 codicum

173 1790 316 1866 vestigiis
332 1786 381 1847 bis
398 1804 515 1868 quoque
533 1786 758 1864 insistentibus,
777 1789 875 1850 lictum
892 1807 962 1849 esse
979 1767 1157 1864 statbamns,
1174 1790 1348 1868 praesertim
1367 1807 1452 1870 quum

172 1904 309 1986 pluribus
329 1902 463 1962 Frontini
485 1900 562 1963 loeis
585 1898 715 1981 (Amo.
735 1908 803 1967 100.
823 1900 898 1983 129)
921 1905 996 1983 ipsis
1016 1904 1209 1967 Praetoribus
1231 1904 1339 1965 similis
1360 1920 1453 1985 aque-

172 2040 234 2082 ram
258 2038 328 2081 cura
350 2018 537 2096 iniungatur,
560 2019 648 2080 etad
670 2020 766 2098 ipsum
788 2038 891 2082 annum
915 2019 949 2083 U.
966 2039 993 2081 c.
1006 2025 1066 2081 ten
1087 2022 1199 2082 nullum
1217 1990 1330 2081 veteris
1346 2023 1452 2079 aueto-

173 2137 217 2199 rls
239 2134 455 2206 testinnonium,
478 2136 511 2194 ut
531 2151 572 2194 ex
591 2132 701 2210 Piglrio
722 2134 913 2216 colligimus,
936 2137 1023 2198 nobis
1039 2136 1191 2199 Praetoris
1207 2153 1313 2197 nonren
1330 2110 1451 2210 sugge-

173 2258 228 2314 rat.
271 2251 375 2312 illiram
402 2253 533 2327 sertem,
562 2269 619 2332 qun
645 2252 724 2311 lnter
749 2252 880 2314 Frontlnl
908 2252 1037 2314 mutilum
1060 2251 1156 2314 locum
1181 2257 1212 2312 et
1233 2255 1350 2330 tempus
1373 2249 1451 2310 lllius

173 2369 256 2444 enni,
287 2366 337 2447 qut
366 2365 509 2425 Proetore
538 2365 691 2443 deficitur,
722 2366 845 2428 fortuito
878 2370 987 2429 tantum
1018 2365 1212 2429 convenerit!
1256 2367 1450 2454 Quamobrem

174 2485 262 2545 etiam
291 2487 407 2559 tenipus
436 2481 465 2541 in
492 2481 560 2542 edd.
587 2487 736 2544 servatum
764 2504 867 2544 verum
896 2504 964 2545 esse
993 2487 1104 2549 iudico.
1147 2484 1287 2546 Attamen
1317 2501 1355 2542 ex
1380 2480 1452 2540 solis

174 2598 242 2661 edd,
264 2597 352 2659 locos
374 2597 491 2656 restitui
515 2599 633 2678 nequit:
657 2600 745 2663 deest
764 2600 843 2661 aliud
866 2602 1033 2680 qrridpiam,
1058 2620 1174 2662 causam
1197 2602 1375 2674 continens,
1398 2614 1451 2677 orta

175 2733 252 2793 opus
281 2711 476 2772 intermissum
505 2716 536 2773 et
562 2715 633 2791 post
660 2717 705 2774 tot
732 2733 825 2775 annos
847 2722 999 2792 receptum
1023 2719 1064 2776 sit
1085 2720 1116 2777 et
1138 2718 1313 2795 perfeetum.
1357 2710 1451 2774 llellis

174 2844 237 2889 cunr
261 2826 362 2888 ltaliae
384 2825 523 2903 neopolis,
547 2846 622 2907 quae
645 2831 769 2889 orornium
791 2831 988 2893 llorrrnnorum
1008 2832 1122 2892 arrienos
1139 2850 1156 2892 a
1172 2830 1261 2891 rebus
1279 2826 1473 2890 domesticis·

172 2945 210 3005 sd
233 2949 358 3005 esterna
379 2940 573 3019 avertebant,
595 2941 653 3002 boc
676 2945 812 3005 accidere
835 2947 972 3023 potuisse
993 2947 1133 3007 al‘lirmes.
1163 2946 1225 3008 Sed
1247 2945 1312 3007 aliis
1335 2961 1450 3025 quoquo

175 3059 295 3121 casibus
318 3077 410 3120 aornos
438 3060 497 3118 483
527 3057 582 3119 luit
603 3059 818 3122 memorabilis:
847 3062 913 3122 scil.
937 3062 1061 3123 triennem
1084 3063 1271 3141 asperrimam
1294 3065 1375 3121 tantur
1396 3061 1450 3119 lm·

174 3175 313 3239 monitate
341 3174 506 3248 saeviisse,
536 3178 569 3235 ut
596 3172 717 3235 'liberis
746 3176 775 3236 in
798 3194 937 3239 summam
958 3178 1140 3241 altitudinem
1163 3177 1263 3256 glaeie
1286 3177 1377 3238 fuerit
1398 3175 1451 3235 ad-

174 3292 312 3364 strictus,
342 3289 429 3349 nives
457 3283 606 3351 lrorreoda
631 3289 790 3354 altitudine
816 3292 865 3354 nel
896 3295 925 3355 io
952 3297 1018 3356 iero
1042 3315 1096 3374 per
1118 3297 1184 3355 dies
1205 3293 1260 3353 XL
1281 3291 1449 3362 manserint,

174 3412 208 3467 et
239 3406 365 3465 maxima
396 3404 504 3465 deinde
536 3406 660 3484 penuria
687 3407 823 3469 insecuta
850 3409 979 3499 iumenta
1010 3430 1127 3507 quoque
1156 3430 1195 3470 ex
1224 3407 1323 3489 pabuli
1352 3407 1450 3485 inopia

173 3520 333 3601 perierint,
362 3523 502 3581 auctores
529 3524 596 3580 suot
622 3521 756 3584 bonnas
781 3527 812 3585 et
833 3523 1025 3604 Augustinus
1053 3525 1109 3606 (de
1133 3526 1202 3588 (ir.
1225 3526 1283 3586 Dei
1307 3521 1361 3583 lll.
1388 3516 1450 3586 til.

164 3638 353 3719 Quarrrquam
376 3651 434 3693 nou
457 3639 565 3695 tantum
588 3636 658 3697 milri
677 3642 848 3718 sumserim,
872 3643 956 3723 quasi
979 3643 1125 3703 dil'licilem
1149 3660 1264 3703 carosam
1286 3637 1375 3718 Plane
1398 3624 1452 3697 de-

175 3750 279 3813 eidam.
307 3748 414 3809 lllalori
436 3748 543 3810 fiducia
563 3752 615 3830 agl
636 3758 760 3833 posset,
782 3757 808 3816 si
831 3756 868 3817 de
890 3776 981 3837 anno,
1004 3778 1062 3840 quo
1080 3757 1188 3820 Curius
1207 3759 1354 3818 Dentatus
1371 3771 1452 3814 mor-

175 3870 245 3929 tuos
272 3869 321 3927 est
346 3870 516 3945 constaret3
547 3868 573 3928 sl
598 3886 775 3948 nossemus,
805 3869 855 3933 bie
883 3875 1026 3935 ereximus
1052 3875 1101 3934 vir
1121 3891 1272 3954 ,raucosne
1293 3890 1330 3933 an
1352 3870 1452 3951 plores

175 3999 270 4044 annos
296 3983 367 4058 post
388 3998 518 4059 prognem
538 3984 575 4044 ad
598 3985 800 4048 Beneventum
823 3993 984 4067 pugnatam
1008 3992 1156 4067 degisset.
1200 3989 1308 4051 Altera
1329 3991 1451 4048 seuten-

175 4099 219 4163 m
242 4095 362 4159 uidetur
386 4113 456 4157 esse
485 4097 684 4177 probabilior3
720 4108 826 4185 atque,
854 4109 980 4166 aettdem
1004 4109 1060 4167 viri
1084 4109 1110 4167 si
1133 4105 1327 4178 consideres,
1356 4101 1452 4182 potuit

175 4214 203 4273 is
230 4212 347 4294 quidem
376 4229 432 4291 per
456 4213 598 4274 tredecim
622 4233 715 4276 annos
736 4223 808 4303 post
830 4222 983 4281 victoriam
1007 4201 1084 4283 illam
1107 4222 1326 4285 celeberrimam
1349 4232 1451 4296 agrum

173 4328 275 4410 quiete
291 4329 506 4389 consuetudine
523 4349 578 4390 sus
594 4330 719 4394 iodlsse.
746 4334 928 4421 Quinetiam
946 4356 982 4397 eo
1000 4337 1125 4415 inclino,
1148 4341 1179 4398 ut
1195 4336 1292 4398 locum
1308 4338 1451 4409 nostrum,

174 4461 214 4503 ex
241 4442 311 4507 edd.
340 4444 528 4519 restitutum,
555 4463 614 4528 quo
642 4464 718 4511 anno
746 4446 856 4515 corius
884 4455 948 4515 rita
974 4455 1157 4531 decesserit,
1185 4452 1334 4535 probabili
1360 4466 1451 4534 posse
