2978 4988
406 334 479 415 DE
504 337 695 431 AQUAE
720 334 1003 421 nucumve.

63 574 121 669 qui
147 569 352 649 Gensumm
385 595 464 645 cum
490 571 536 644 li.
562 571 713 671 Papirio
733 570 896 651 Cursore
921 571 1048 670 gessit,
1080 569 1248 668 Anionis,

1299 336 1349 413 13

61 689 120 785 qui
153 712 247 765 nunc
271 687 392 762 Vetus
425 686 561 782 dicitur,
611 711 737 785 aquam
770 684 1029 786 perducendam
1044 686 1088 782 ¹in
1113 682 1250 763 Urbem
1324 749 1329 762 ,

61 829 107 878 ex
133 803 308 878 manubiis
333 802 377 877 de
403 802 544 903 Pyrrho
571 805 683 901 captis
709 803 850 899 locavit,
893 801 961 900 Sp·
988 800 1160 899 Carvilio,
1200 802 1247 877 Ir.

61 920 209 1018 Papirio
236 918 348 996 coss.
381 919 516 993 iterum.
567 919 660 993 Post
691 917 867 993 biennium
898 917 1024 992 deinde
1050 927 1166 992 aetum
1192 928 1250 991 est

60 1037 93 1108 in
120 1033 262 1114 Senatu
287 1034 332 1108 de
358 1033 633 1109 consummando
661 1035 738 1107 eius
764 1055 878 1129 aquae
910 1057 1037 1131 opere3
1078 1026 1248 1131 irequeii-

59 1150 154 1225 tibus
180 1162 296 1224 autem
317 1148 559 1225 Romanorum
579 1150 682 1225 bellis
706 1149 971 1248 praetermisso,
999 1147 1139 1221 demum
1163 1158 1247 1246 post

58 1290 187 1341 nonum
214 1290 342 1341 annum
361 1264 857 1361 *rursus-Minatius‘Praetor
877 1282 952 1338 rem
974 1264 1099 1339 retulit.
1151 1264 1248 1337 'ium

61 1406 106 1456 ex
158 1379 319 1458 Senatus
370 1383 532 1458 consulto
587 1381 775 1456 Duumviri
833 1404 946 1477 aquae
1003 1378 1250 1479 perducendae

60 1498 168 1570 creati
191 1507 285 1594 sunt,
313 1496 460 1594 Omine,
488 1499 547 1596 qui
573 1519 652 1570 eam
676 1497 867 1592 locaverat,
896 1505 931 1569 et
956 1495 1108 1568 Fulvius
1134 1495 1247 1569 Flac-

58 1637 134 1686 cus.
191 1611 329 1691 Curius
363 1615 452 1687 intra
486 1615 641 1711 quintum
672 1611 776 1710 diem,
825 1635 929 1708 quam
963 1621 1039 1685 erat
1070 1611 1249 1686 Duumvir

60 1739 212 1825 creatuS,
240 1729 416 1804 decessit:
457 1730 571 1827 gioria
596 1727 786 1828 perductae
811 1727 975 1825 pertinuit
1000 1725 1046 1799 ad
1069 1728 1247 1801 Fulvium.

60 1843 267 1943 Concinitur
290 1845 388 1920 Anio
415 1843 535 1920 Vetus
568 1869 678 1943 supra
703 1844 817 1919 'libor
840 1843 921 1919 XX
953 1843 1116 1918 milliario
1148 1854 1249 1918 extra

60 1972 194 2058 portam
224 1963 411 2057 Baranam,
458 1962 519 2036 ubi
556 1971 691 2059 partem
727 1961 786 2035 dat
822 1961 856 2033 in
897 1959 1094 2032 'libortuim
1132 1983 1247 2034 usum.

62 2076 203 2153 Ductus
229 2078 309 2175 ejus
334 2078 440 2154 habet
463 2076 725 2176 longitudinem,
765 2079 812 2150 ita
838 2077 1004 2174 exigente
1029 2077 1246 2170 libramento,

96 2345 308 2428 frequentibus
328 2353 429 2408 autem
450 2340 528 2425 etc.)
550 2363 584 2407 v.
605 2342 731 2406 Annuit.
1380 2392 1386 2407 .

101 2445 176 2508 airu
195 2465 237 2507 ee
256 2444 346 2521 Seu.)
370 2444 396 2511 G
418 2443 463 2511 U:
485 2452 546 2505 tum
569 2440 632 2525 (Gt
654 2440 731 2523 ium)
758 2448 977 2504 cennius
1080 2437 1157 2504 ubo.
1199 2437 1247 2507 Vt

67 2545 178 2606 Taurea
199 2563 240 2606 ee
258 2544 295 2606 S.
338 2546 424 2634 Quae
447 2545 568 2622 desunt,
590 2541 620 2604 V
641 2544 673 2604 et
693 2542 764 2602 edd.
786 2540 921 2622 explent.

98 2662 203 2727 upuue
220 2642 330 2726 perd.)
373 2642 404 2705 V
423 2642 468 2708 F:
489 2661 599 2725 apuam
617 2640 832 2723 perducentes.

63 2740 66 2745 ’
98 2746 200 2805 crecti
219 2751 291 2804 suat
309 2744 386 2813 etc.)
429 2740 461 2804 V
481 2744 513 2804 et
534 2742 609 2807 edd:
632 2744 731 2804 creuit
736 2783 747 2818 ,
776 2730 888 2803 Curios
914 2746 948 2803 et
965 2739 1094 2802 Fulvius
1113 2738 1250 2802 Flaccus

61 2840 250 2904 locauerunt.
288 2840 353 2905 Sed
376 2839 402 2904 (i
424 2840 469 2904 U:
491 2845 589 2903 creati
605 2848 677 2902 sumt
688 2840 800 2903 Curius
823 2835 886 2922 (03
908 2836 1000 2921 Curi)
1025 2882 1034 2900 .
1059 2881 1069 2900 .
1092 2881 1103 2900 .
1126 2881 1136 2900 .
1157 2839 1248 2902 iocu-

61 2950 149 3002 verat
174 2948 209 3003 et
236 2941 328 3004 Fortu.
357 2941 449 3003 Flac.
479 2941 672 3023 damnumque
699 2940 795 3022 probe
822 2941 974 3021 reparavit
994 2938 1061 3003 Pol.
1089 2940 1249 3004 vocabulis

63 3044 112 3122 put
132 3059 211 3102 eum
233 3073 275 3084 —-
295 3040 460 3111 Duumoir)
484 3037 529 3102 Gt
551 3040 759 3102 Duumoirrrm.

98 3139 297 3227 Baranam),
317 3139 371 3202 Sic
393 3137 467 3202 Scir.
494 3137 657 3201 Variuoum
678 3137 739 3200 Fen
759 3139 798 3200 ad
818 3139 925 3201 Horat.
966 3137 1066 3219 Epist.
1087 3137 1112 3201 Ι.
1136 3143 1190 3218 14,
1218 3146 1249 3202 3.

61 3235 223 3319 (Burinmt
255 3238 391 3300 Wcssei.
408 3238 569 3316 adltin.p.
586 3240 642 3300 m
655 3240 686 3299 et
700 3233 786 3318 119.)
814 3236 944 3301 (iaroius
965 3257 1049 3300 meus
1065 3239 1248 3301 Arretinum.

59 3334 126 3399 itin.
140 3356 171 3417 p.
183 3341 254 3408 285.
267 3340 299 3397 et
310 3338 351 3399 ibi
363 3335 499 3400 Wessei.
509 3335 647 3399 Heluio
664 3334 741 3402 GU:
756 3336 880 3400 iiiia..
892 3336 1122 3400 rramVeteddt
1138 3336 1248 3399 ituru-

60 3452 140 3496 nam.
183 3434 286 3509 Paris:
308 3435 487 3513 Remurium,
509 3438 542 3498 nt
563 3433 694 3512 legimus
714 3437 803 3497 etiam
824 3437 904 3516 apud
923 3437 1048 3498 Nardin.
1069 3436 1157 3500 Rom.
1173 3434 1247 3499 Ani.

60 3531 146 3595 vlu.
174 3537 206 3595 4.
234 3536 266 3596 et
292 3534 390 3615 Rapb.
423 3533 615 3596 Volaterran.
658 3531 773 3611 Geogr.
795 3534 850 3597 vl.
871 3535 927 3596 ici.
949 3540 999 3599 64.
1019 3536 1058 3598 B.
1080 3536 1130 3597 ed.
1152 3534 1248 3598 Paris.

63 3636 152 3694 1526.
174 3633 350 3715 recepitque
372 3632 507 3695 inuritis
530 3633 735 3712 descriptione
755 3633 893 3698 Kircber.
924 3632 991 3697 Lat.
1019 3634 1091 3698 Vei.
1113 3639 1145 3700 et
1164 3635 1247 3699 Nor.

60 3733 148 3811 adp.
173 3733 243 3795 126.
288 3729 414 3794 Corrad.
442 3733 571 3809 corrigit
597 3731 778 3812 Reatinum,
807 3730 839 3796 et
859 3734 905 3795 sic
926 3734 1023 3799 edidit
1041 3733 1150 3798 Adier.
1192 3734 1248 3798 m-

60 3830 166 3892 benter
187 3833 312 3893 secutus
333 3851 398 3892 sum
420 3830 507 3910 sein,
531 3832 617 3894 cuius
639 3830 711 3908 lego
734 3831 886 3919 disputata
905 3831 946 3893 ΙΙ.
967 3836 997 3894 4.

99 3929 151 3991 ubi
180 3939 301 4013 portem
332 3930 389 3992 dut
414 3935 445 3992 ire
474 3931 541 3994 iit.
567 3925 678 4011 usum)
722 3929 775 3992 Sio
803 3931 840 3993 de
866 3930 1247 4001 succurreretur

60 4027 111 4090 obi
134 4038 255 4112 purtem
429 4032 460 4091 in
491 4028 559 4093 Tib.
587 4049 653 4091 usu.
705 4028 736 4092 V
756 4029 797 4094 i't
841 4029 893 4092 uti
910 4035 1023 4113 purtim
1049 4036 1080 4095 iu
1104 4032 1248 4114 ipburtt.

60 4145 126 4190 nom
147 4147 244 4190 usum.
266 4128 362 4191 Paris.
388 4128 408 4189 J
428 4131 460 4190 et
480 4145 550 4197 rec:
577 4129 629 4192 uti
646 4132 760 4211 purtim
780 4132 812 4191 ie
835 4129 1027 4210 ipburtinum
1058 4130 1249 4196 distribuitur

61 4247 156 4290 usum.
200 4226 273 4291 Scir.
295 4226 453 4292 substituit
471 4227 587 4311 perdit.
634 4229 793 4291 Praestare
820 4228 926 4291 Poieni
953 4248 1071 4293 causam
1099 4232 1249 4295 evincitur

61 4344 99 4388 ex
120 4326 190 4390 Art.
212 4330 268 4391 21:
288 4336 409 4409 purtem
429 4324 487 4389 dut
504 4331 536 4390 in
556 4346 690 4412 specum.
712 4328 846 4390 Formam
862 4329 1025 4393 Tiburtium
1047 4326 1086 4411 (i.
1109 4349 1136 4392 e.
1158 4332 1247 4392 inco-

63 4424 153 4487 larum
175 4423 277 4509 urbis)
300 4428 423 4488 servant
445 4424 471 4490 G
493 4425 520 4488 U
542 4428 629 4490 etium
651 4427 720 4489 Ari.
742 4431 793 4489 66.
814 4425 866 4490 obi
886 4431 952 4509 pari
972 4429 1061 4491 modo
1083 4427 1114 4491 V
1130 4430 1161 4489 et
1177 4429 1246 4491 edd.

66 4524 260 4590 tiburtinum.
284 4523 333 4591 Gi.
343 4524 506 4589 Forceiiin.
527 4528 598 4590 inv.
611 4527 732 4593 Tiburs.
746 4530 786 4573 4-
802 4531 957 4609 eriperis)
974 4526 1051 4593 Vi:
1068 4547 1108 4592 ea
1121 4529 1245 4607 inuenti.
