2978 4988
534 324 978 409 annominemus.-
1321 327 1395 409 1⁷1

72 576 75 581 ’
113 560 409 644 &mutassemus
437 563 466 622 in
495 560 646 641 inscript·
661 580 711 642 up.
739 562 812 627 Seb.
829 562 868 626 V.
884 568 915 625 a.
959 560 1010 626 Gi.
1030 562 1167 627 Kircber.
1190 564 1266 627 Lat·
1280 564 1344 627 Vct
1362 569 1396 627 et

115 676 195 736 Noa.
218 695 249 754 p.
267 682 320 738 31.
363 678 503 739 Attamen
535 676 630 742 altera
659 676 796 760 quoque,
823 668 968 741 ‘aurosum
1000 679 1124 758 saltem,
1157 682 1252 742 iornra
1281 681 1396 761 poetis,

114 790 227 853 Ouidio
250 768 427 872 praecipue,
452 795 643 856 usitatissima
664 799 774 856 estu.
796 793 982 863 lomellina
1000 797 1100 882 Quare
1121 797 1208 862 etiam
1230 797 1260 856 iu
1279 770 1396 859 numina

113 910 256 992 proprio,
279 908 361 972 libris
384 911 425 971 ita
448 911 637 991 labentibus,
659 910 868 973 admittendam
889 928 961 972 esse
982 910 1095 990 putaui.
1286 902 1291 909 ’

195 1026 323 1108 Accipit
347 1037 377 1086 et
402 1046 467 1088 eam
487 1028 619 1106 famem,
647 1028 699 1108 put
716 1034 846 1088 enemim
864 1025 1037 1091 Alosum
1057 1060 1097 1077 ν-
1118 1024 1230 1108 amiel]
1264 1022 1393 1089 Scotum
1474 1106 1478 1112 Ι

113 1139 221 1202 Claud.
234 1147 289 1203 20:
312 1143 463 1206 Claudiae
483 1162 582 1226 opace
600 1142 723 1222 pelidae
743 1151 773 1206 et
793 1140 902 1205 uberae
920 1141 1040 1222 fontes,
1062 1160 1185 1225 penum
1205 1142 1394 1206 altercans

78 1280 81 1288 ·
112 1257 216 1334 raian,
245 1257 336 1323 citeri
364 1258 472 1325 Curtio
501 1267 535 1321 at
557 1257 710 1320 Albedium
737 1256 850 1339 (libris
879 1258 1076 1338 autumpno)
1103 1277 1209 1322 acmes
1230 1269 1277 1320 eat
1295 1290 1336 1304 —-
1362 1261 1393 1321 ia

114 1373 222 1436 cruam
240 1375 396 1456 parasse.
440 1374 579 1453 unsocp.
600 1394 650 1454 ap.
671 1374 780 1440 uruat
802 1393 832 1452 p.
849 1378 929 1435 maa
961 1328 1053 1437 bara
1077 1374 1172 1437 maur
1190 1390 1230 1438 aa
1251 1373 1394 1439 sacrun

111 1510 213 1572 opace
233 1487 382 1552 Marciae
402 1511 502 1573 opace
523 1491 708 1566 Caeruleus,
731 1489 868 1566 Certiae,
890 1489 1063 1555 Albudinus
1081 1495 1142 1553 etc.
1182 1489 1292 1550 Tribus
1314 1490 1392 1552 loeis

112 1607 249 1668 comibus
270 1605 414 1669 Albudinl
444 1608 536 1667 lentis
564 1607 740 1698 mentionem
762 1606 988 1687 suppositiciam
1010 1625 1080 1667 esse
1102 1606 1226 1670 amomi
1253 1605 1391 1671 Schultz.

111 1719 215 1784 V.10.
258 1722 328 1801 ligo
350 1725 392 1783 ita
413 1722 521 1784 scatio.
564 1722 652 1808 Quod
673 1721 843 1787 Albudinus
864 1741 882 1784 a
902 1722 998 1785 tribua
1020 1720 1236 1785 diuersissimis
1256 1722 1391 1787 auetori-

110 1838 166 1902 bus
186 1856 244 1901 uua
264 1856 329 1901 enm
351 1837 501 1903 Caeruleo
524 1843 556 1904 et
577 1836 683 1902 Curtio
704 1839 841 1904 fontibus
862 1846 909 1899 ter
930 1841 1192 1915 commemoratur,
1221 1839 1391 1903 seersum

109 1971 179 2017 csse
197 1955 367 2016 testimonio
384 1957 503 2034 potest,
526 1928 687 2016 exstitisse
708 1972 828 2036 quoquc
848 1951 937 2036 buius
959 1954 1086 2020 nominis
1108 1956 1240 2035 iontem,
1263 1948 1391 2037 camdus

108 2074 207 2155 aliqua
235 2067 376 2132 Caerulei
402 2074 434 2136 et
459 2068 556 2133 Curtii
585 2072 796 2137 coniunctione
817 2091 877 2133 non
897 2071 1035 2137 alienum.
1077 2070 1240 2133 Fontamno
1260 2069 1390 2153 aliquan

108 2188 292 2255 Albudinum
322 2188 359 2249 de
386 2185 474 2249 eaelo
501 2186 531 2247 in
559 2186 744 2249 librariorum
769 2190 895 2252 mentem
918 2180 1137 2251 dmecnulsoei
1176 2184 1255 2248 'Pras
1278 2186 1389 2251 diutia-

106 2304 204 2381 guuut
225 2303 304 2363 inter
323 2321 359 2364 se
381 2304 518 2363 diuersas
538 2320 643 2382 aquas,
671 2299 862 2380 Caeruleum,
889 2299 1040 2379 Curtium,
1065 2299 1262 2380 Albudinarn,
1288 2302 1403 2365 Fron

107 2419 187 2484 tinus
209 2420 240 2480 et
259 2416 469 2497 Inscriptionis
491 2422 613 2481 auctor:
642 2416 773 2478 laetabili
795 2418 954 2482 societate.
993 2415 1162 2479 Suetonius
1183 2421 1288 2480 contra
1308 2417 1389 2481 duos

106 2538 216 2616 turrium
233 2534 335 2598 iontes
353 2533 527 2612 distinguit,
550 2552 671 2621 quorum
692 2531 778 2597 altori
800 2530 915 2610 duplex
937 2528 1061 2594 inditum
1082 2549 1205 2612 nomen,
1227 2530 1391 2597 Gurtio'et
1404 2570 1419 2585 -·

105 2636 285 2713 Albudino.'
312 2649 388 2715 Num
414 2649 490 2711 baec
517 2650 718 2728 discrepantia
744 2646 903 2726 probibet,
933 2649 1091 2728 quominus
1120 2649 1182 2710 illis
1210 2648 1385 2719 auctoribus

106 2767 191 2827 iidem
214 2766 410 2844 adiungamus
432 2771 463 2827 et
484 2764 664 2831 Albudinum
687 2766 798 2830 iontem
819 2765 981 2828 exstitisse
1002 2760 1178 2831 credamus?
1208 2763 1300 2830 lmmu
1321 2764 1385 2829 ni-

104 2879 232 2948 budinus
260 2881 343 2960 ipsis·
366 2880 520 2949 veteribus
546 2881 605 2947 hoo
627 2882 744 2946 nomine
766 2884 895 2949 iomassc
916 2883 1011 2944 urinas
1034 2883 1177 2966 cognitus
1198 2883 1289 2961 iuit3·
1303 2881 1386 2945 uude

104 2998 168 3058 lieri
190 2998 305 3077 potnit,
328 3001 360 3063 ut
380 3000 476 3069 minus
497 2997 643 3074 religiose
665 2999 703 3061 de
725 3015 762 3064 uu
784 2999 970 3063 tradiderint.
1008 2998 1195 3085 Quinimmo
1218 2997 1385 3061 Suetonius
1409 3040 1421 3067 a

104 3116 233 3177 tortasse
264 3115 352 3180 silum
381 3132 499 3201 quoque
525 3113 613 3180 buius
641 3117 736 3180 tontis
763 3136 819 3181 nos
841 3114 969 3194 educet,
998 3133 1083 3196 quum
1105 3114 1210 3176 testari
1232 3082 1409 3192 videatne*

104 3227 236 3295 Curtium
266 3233 299 3290 et
323 3228 504 3295 Albudinum
533 3236 590 3296 tam
618 3232 805 3317 propinquus
830 3233 945 3306 tuisse,
977 3233 1011 3293 ut
1035 3228 1123 3290 buius
1153 3227 1384 3316 propinquitatis

103 3363 193 3412 causa
221 3347 310 3407 etiam
337 3363 392 3424 pro
420 3363 478 3411 una
501 3348 653 3428 aqua,in
675 3347 748 3409 duas
769 3353 871 3437 partes
892 3346 1009 3423 divisa,
1036 3343 1131 3405 babiti
1151 3343 1233 3423 sintp
1258 3358 1382 3427 quorum

102 3463 196 3526 altera
212 3461 430 3539 denominatio,
453 3464 522 3543 quia
537 3461 659 3530 Curtius
682 3448 750 3526 ion's
771 3465 873 3544 potior
894 3463 1001 3540 tuerit,
1025 3459 1136 3522 clarior
1150 3461 1239 3523 iacta.
1272 3460 1393 3549 produ

102 3595 218 3658 cunque
242 3578 355 3643 demum
378 3581 447 3655 esta
471 3576 613 3644 Frontino
635 3579 750 3658 plenam
772 3579 857 3640 fidem
874 3577 1034 3642 habeamus
1050 3593 1179 3638 necesse
1195 3579 1260 3654 est,
1282 3586 1381 3665 quem,
1406 3606 1409 3611 ·

103 3695 140 3755 de
161 3690 255 3775 aquae
279 3694 414 3755 ductibus
436 3693 569 3756 scribere
590 3712 787 3775 aggressum,
809 3708 871 3758 rem
892 3696 985 3775 ipsam
1007 3693 1273 3772 circumspectanse
1293 3694 1388 3755 veih

73 3820 77 3828 ‘
101 3815 249 3892 tabemque
271 3809 315 3876 rei
336 3812 541 3887 investigasse
562 3809 705 3891 credibile
727 3814 790 3890 est,
817 3812 908 3893 idque
929 3828 967 3872 eo
989 3809 1102 3889 magis,
1129 3809 1209 3893 qnod
1229 3810 1381 3897 auctorem

100 3925 327 4006 Inscripticnis,
359 3926 493 4016 quisquis
522 3929 596 4006 luit,—
629 3928 660 3995 m
689 3927 858 3993 discrimine
885 3925 990 3991 saitem
1018 3927 1108 3992 trium
1135 3926 1264 4021 fontium
1289 3925 1381 3990 aanor
1431 4003 1434 4007 ,

100 4042 346 4106 consentientem.
384 4045 429 4108 nt
451 4062 546 4129 neque
567 4043 625 4109 atio
647 4043 734 4121 loeo,
756 4060 854 4124 noque
874 4042 942 4122 ipso
964 4041 1033 4111 Art.
1050 4047 1090 4105 12
1110 4043 1271 4107 Frontinus
1291 4038 1379 4103 ullam

100 4157 246 4228 Albudinl
267 4160 340 4228 iacit
360 4162 557 4238 mentionem,
581 4159 714 4228 obiectat
734 4156 870 4225 Sebulta.
912 4158 979 4221 lloc
999 4136 1074 4222 uero
1096 4158 1166 4223 ideo
1190 4159 1300 4220 iactum
1321 4161 1380 4236 est,

100 4275 166 4356 quia
188 4276 347 4341 Frontinus
368 4275 436 4341 Art·
450 4279 489 4342 12
511 4279 548 4339 dc
570 4280 663 4359 copia
685 4292 823 4358 aquarum
847 4277 911 4337 erat
931 4275 1103 4338 locuturus:
1125 4278 1213 4355 copia
1234 4277 1330 4338 antem
1352 4276 1381 4336 is

100 4392 168 4457 tons
197 4393 308 4457 ceteris
329 4391 422 4470 longe
444 4395 569 4459 laterior
589 4396 676 4474 atqua
698 4412 736 4454 ne
758 4395 918 4453 memorato
940 4394 1058 4474 quidem
1080 4392 1190 4469 dignus
1211 4392 1307 4454 luisse
1327 4391 1379 4453 ul-

100 4507 194 4570 uletur.
232 4507 373 4574 Scauriana
395 4514 502 4572 tantum
525 4529 617 4591 aquae
639 4509 808 4573 Albudinus
830 4509 1047 4591 memorabilis,
1068 4526 1160 4591 quare
1182 4512 1287 4573 nostro
1310 4502 1378 4571 loeo
