2978 4988
379 310 476 414 'nu
502 336 1001 432 Aounnuooumus.
1300 338 1349 416 aa

67 578 128 649 tiet
155 572 348 647 salubritas
376 548 535 647 eiusdem
560 585 724 646 aeternae
739 571 861 648 Urbis
888 581 991 646 aucto
1013 573 1249 674 castellorum,

68 714 227 788 operum,
256 714 436 764 munerum
465 699 499 763 et
522 688 661 762 lacuum
685 711 842 762 numero.
880 688 963 762 Nec
988 696 1104 765 minus
1119 690 1251 791 adpri-

68 818 172 880 vatos
205 805 427 881 commodum
460 829 505 879 ex
531 805 744 878 incremento
775 803 1025 878 beneficiorum
1063 812 1142 880 eius
1181 808 1251 882 dii-

69 922 240 997 iunditur:
267 922 317 995 illi
343 945 493 1018 quoque⁷
523 925 582 1016 qui
608 918 715 993 timidi
741 921 894 995 illicitam
920 945 1044 1016 aquam
1066 921 1248 1013 ducebant,

69 1041 187 1114 securi
215 1062 305 1112 nunc
331 1063 378 1112 ex
403 1035 584 1111 beneficiis
613 1036 779 1109 fruuntur.
812 1035 872 1109 Ne
897 1049 1086 1132 pereuntes
1113 1040 1251 1136 quidem

70 1179 182 1251 aquae
210 1157 345 1228 otiosae
371 1166 473 1227 sunt:
502 1153 569 1226 alia
594 1153 662 1226 iam
687 1150 930 1225 munditiarum
957 1153 1090 1246 iacies3
1132 1159 1251 1253 purior

71 1367 345 1384 *m

71 1495 195 1557 Prolixe
220 1497 256 1557 de
278 1496 423 1559 hocloco
447 1497 599 1581 disputavi
627 1497 656 1561 iu
677 1493 812 1558 zeitsclr.
846 1493 966 1556 alterth.
989 1495 1179 1561 Wissensclr.
1216 1496 1246 1558 J.

74 1599 162 1658 reas.
186 1595 259 1658 Hert
278 1602 324 1660 ιι.
347 1617 376 1677 p.
397 1601 484 1659 rosa.

111 1714 228 1786 aucto)
243 1711 273 1773 V
294 1713 333 1776 F:
356 1723 474 1775 auctor.

114 1826 158 1888 ad
177 1831 258 1908 prio.
281 1833 373 1901 eom.)
415 1828 451 1889 J:
470 1831 552 1910 priv.
575 1826 618 1888 ad
640 1845 715 1890 com.
753 1827 778 1887 B
800 1828 832 1888 et
852 1825 891 1886 al.
913 1842 980 1892 reo:
1009 1846 1084 1890 eom.
1107 1829 1189 1911 puod
1207 1850 1255 1892 ea.

73 1927 168 1988 litiani
186 1929 216 1989 in
230 1928 478 2006 praecedentibus
493 1926 591 2008 eliqua
603 1926 720 1989 turbata
733 1930 812 2003 sont,
830 1926 893 1987 inl*
910 1926 966 1993 ru:
989 1927 1127 1989 lacuum:
1146 1927 1257 1992 Nerea

74 2045 129 2087 aec
149 2025 194 2088 ad
212 2031 294 2107 prio.

115 2140 314 2224 diffunditur)
335 2142 470 2232 Blandus
491 2141 575 2205 slav.
598 2139 619 2203 Ι.
642 2157 685 2204 a:
709 2139 865 2222 diffinitur.

113 2264 292 2341 pereuntes)
313 2259 451 2319 Bunsen:
470 2265 709 2341 praetereuntes.
731 2276 764 2318 v.
787 2256 912 2320 Annott.
925 2255 1077 2320 Blandus:
1098 2277 1155 2319 nec
1172 2278 1240 2341 per.

116 2378 252 2447 otiosae)
276 2373 320 2437 G:
343 2376 418 2435 otio.

117 2488 186 2551 ulio
206 2493 267 2551 iam
288 2489 386 2550 mund
409 2490 484 2552 etc.)
518 2487 698 2551 Coniectura
719 2487 816 2548 locum
838 2491 933 2550 vexat
953 2489 1072 2551 Bunsen
1092 2488 1117 2555 1.
1140 2506 1186 2568 c.‚
1218 2509 1256 2553 ne

79 2588 272 2666 grammatici
293 2589 411 2670 quidem
433 2588 496 2649 illi.
518 2588 637 2666 Zumpt.
660 2587 698 2648 ad
718 2585 838 2649 Verrin.
859 2605 891 2666 p.
915 2591 984 2650 138.
1012 2588 1131 2676 Quanto
1149 2588 1256 2652 melius

81 2687 159 2749 Seli:
183 2687 262 2749 adeo
285 2692 343 2750 ium
364 2689 505 2749 mundior
525 2691 641 2750 viarum
660 2686 776 2768 facies.
818 2683 958 2750 HEINR.
1000 2687 1084 2752 llddt
1110 2707 1180 2751 num
1200 2695 1258 2752 im-

80 2786 294 2850 munditiarum
314 2786 416 2866 fucies
436 2797 467 2850 ei
486 2790 634 2870 impurior
649 2789 787 2868 spiritus,
802 2792 835 2848 et
843 2805 959 2849 causac
975 2784 1026 2867 [i.
1040 2805 1098 2850 om.
1112 2797 1143 2850 et
1154 2797 1257 2863 caua.)

80 2905 127 2965 pr.
152 2905 181 2945 c.
202 2919 242 2929 -
270 2896 404 2948 reinulae
447 2887 502 2957 (Fa
531 2889 664 2958 remma).
693 2885 722 2946 in
750 2884 857 2966 quilius
883 2887 1041 2948 maniicsia
1065 2887 1258 2966 interpretum

81 3003 192 3046 manus.
235 2985 299 3045 llas
320 2990 442 3046 secutus
463 2991 511 3048 est
531 2987 641 3061 Bous,
665 2984 766 3046 deleto
789 2993 822 3049 et
841 2979 926 3066 [ante
949 2982 1074 3067 Μαι),
1102 2987 1259 3070 iunxitque

81 3102 139 3144 non
158 3082 262 3162 facies
283 3093 313 3144 et
333 3088 460 3164 spiritua
481 3095 624 3161 remotae,
646 3084 702 3145 sed
723 3102 841 3146 causae
860 3092 1004 3146 remotae.
1028 3083 1121 3146 verbo
1144 3085 1182 3147 ad
1202 3104 1259 3165 ap-

82 3183 260 3262 positionem
298 3182 405 3244 relato.
450 3183 568 3262 Zumpt.
604 3182 703 3244 (iram.
734 3178 954 3263 Lat§.310.
998 3181 1097 3268 Quare
1118 3184 1258 3246 iniustum

82 3280 185 3342 lloinr.
207 3283 386 3360 vituperium
409 3287 467 3344 est.
511 3280 585 3343 Soli.
607 3281 695 3343 modo
717 3280 813 3359 legit:
835 3289 870 3343 ut
891 3276 961 3363 (vel
981 3279 1076 3362 udo]
1099 3286 1159 3344 ium
1174 3301 1260 3343 mun-

83 3381 151 3441 dior
170 3383 286 3442 oiurum
305 3380 420 3460 facies,
440 3399 509 3462 pur.
530 3399 597 3462 sp„
618 3389 650 3442 et
669 3399 770 3444 eausa
789 3400 837 3462 pr.
861 3381 952 3457 coeli,
974 3379 1119 3464 quo-fuit,
1141 3388 1190 3443 eat
1207 3400 1261 3445 re-

83 3489 174 3541 mota.
199 3479 301 3540 modo:
323 3479 389 3542 alia
410 3483 470 3541 ium
490 3479 589 3540 mund.
610 3479 649 3558 fi,
671 3483 826 3562 etimpur.
847 3481 985 3561 spiritua,
1023 3498 1260 3542 cauea-remo-

85 3587 143 3639 iua.
183 3578 289 3639 inanes
312 3579 485 3640 emendandi
507 3583 643 3640 conatus.
664 3577 832 3640 Audiamus
853 3577 959 3642 libros.
982 3575 1062 3644 Οὓς
1084 3577 1261 3643 alianwnd.

84 3678 197 3756 facies.
218 3683 337 3758 purior.
358 3681 495 3759 spirituc.
516 3686 548 3738 et
562 3696 679 3739 caueae
698 3696 746 3758 pr.
770 3677 860 3740 coeli.
884 3676 991 3758 quidus
1012 3696 1066 3759 ap.
1088 3686 1208 3741 aeterua
1227 3699 1263 3743 ae

85 3777 152 3838 urbi
174 3777 231 3856 ins.
253 3779 318 3848 (sio
341 3775 378 3854 0,
400 3779 456 3839 sed
478 3776 520 3841 U:
541 3794 594 3858 ap.
614 3774 699 3840 urbia
720 3785 840 3838 ueteres
860 3773 937 3855 ius.)
958 3795 1015 3838 aer
1032 3775 1107 3857 fuit.
1136 3785 1184 3841 eat
1208 3797 1261 3841 re-

85 3885 192 3938 moine.
233 3875 379 3938 liemarus
400 3875 526 3940 debetur
546 3874 719 3955 interpreti,
747 3875 785 3936 ad
812 3892 869 3939 aer
895 3875 1080 3954 respicienti.
1127 3875 1174 3940 V:
1195 3877 1262 3939 alia

86 3973 224 4054 immund.
247 3976 317 4052 (pro
341 3978 401 4036 iam
420 3975 537 4048 mund.)
557 3974 672 4056 facies,
692 3994 763 4058 pur.
784 3993 833 4056 sp.
855 3982 887 4036 ci
909 3992 975 4036 eum
994 3977 1111 4048 (natum
1132 3991 1173 4036 cx
1188 3993 1262 4055 per-

24 4125 26 4131 .
86 4075 249 4137 mutatione
270 4074 512 4154 compendiorum
535 4068 580 4138 οιῖ
592 4075 613 4139 i.
634 4093 663 4136 e.
687 4093 768 4151 cum,
798 4077 829 4135 et
855 4070 904 4141 cd
917 4073 936 4135 i.
959 4091 987 4135 e.
1010 4077 1117 4146 causa)
1148 4093 1196 4154 pr.
1224 4093 1264 4152 m,

87 4173 192 4255 quibua
214 4172 299 4257 apud
318 4181 382 4236 vei.
403 4172 469 4236 uri.
490 4175 547 4254 inf.
569 4195 625 4239 aer
642 4175 716 4256 fuit,
738 4181 809 4236 suni
827 4178 972 4237 remotae.
994 4177 1028 4235 ut
1047 4171 1097 4234 hic
1112 4172 1181 4234 cod.
1202 4189 1261 4234 ve-

88 4290 147 4334 ram
163 4271 300 4334 Frontini
320 4290 433 4335 manum
449 4274 630 4353 servaverit,
651 4277 802 4354 receptam
822 4273 880 4334 iem
901 4290 922 4335 a
940 4269 1009 4334 Pol.

125 4402 184 4467 aed
210 4402 289 4466 llaec
315 4423 382 4466 eum
407 4407 531 4467 irrorent.
553 4408 629 4479 etc.)
670 4405 776 4483 Lego:
813 4413 843 4467 ei
868 4403 949 4469 daec
978 4417 1045 4467 cmo
1071 4409 1262 4466 incrementa.

89 4500 226 4566 Huius.
254 4502 323 4565 Non
343 4503 535 4566 intellexisse
556 4505 677 4567 videtur
696 4523 792 4568 rerum
815 4505 934 4568 seriem
955 4535 997 4548 —
1024 4502 1109 4565 Vl':
1130 4501 1189 4563 doe
1210 4500 1268 4565 aed
