2978 4988
144 310 220 386 esu
471 260 477 272 ’
567 307 1007 386 ANNO'rAaioNES.

232 546 385 627 obseptto)
426 543 575 626 Obsepire
597 546 719 623 propria
739 543 789 606 hle
813 545 947 624 praedita
968 547 1016 605 cst
1038 545 1182 616 notione,
1213 561 1307 622 „sepe
1332 564 1431 626 oppo-

150 663 253 727 nerc.“
296 661 369 723 Soli.
387 661 622 738 „vc1·ntturrerr.“
665 660 963 723 Laudatb'orecllin.
986 660 1128 721 1111.ἡ
1172 658 1275 720 Verba
1295 666 1431 738 statuite,

146 784 263 863 ponito,
286 778 437 838 collocato
460 776 711 854 signitieationcm
732 776 843 837 babent
865 774 1049 853 generalem.

232 905 442 977 praeterquam
465 896 539 962 etc.)
569 892 691 968 Integra
713 893 808 952 oratio
833 896 897 952 est:
925 895 1131 972 praeterquam
1154 909 1253 951 eorum
1277 893 1431 953 faciendo-

151 1032 213 1073 rum
237 1015 315 1083 (ct)
344 1009 582 1089 reponendarum
606 991 713 1083 caesa,
742 1025 817 1089 quae
839 1006 895 1069 bae
917 1006 990 1084 lege
1012 1007 1076 1067 lieri
1105 1010 1182 1080 (et)
1203 1009 1308 1087 reponi
1330 1009 1432 1070 licebit

153 1132 225 1200 (ct)
250 1125 414 1204 oportebit.
459 1123 590 1185 Verbum
609 1121 679 1203 fieri
700 1122 849 1202 rpuaslibet
870 1123 1058 1201 amplectitur
1074 1125 1222 1197 actiones,
1245 1125 1282 1183 ad
1305 1128 1431 1185 nostras

152 1263 213 1303 rem
236 1244 437 1322 pertinentes:
467 1258 616 1321 reponere
636 1243 733 1300 autem
757 1243 804 1300 est
825 1239 946 1319 „ordini
969 1257 1023 1299 suo
1047 1242 1078 1299 et
1098 1237 1236 1317 legitimo
1260 1242 1351 1302 statui
1373 1241 1432 1320 pri-

152 1362 232 1422 stino
253 1354 449 1418 restituero.“

235 1479 365 1555 siremps
386 1472 436 1533 tea
457 1505 496 1514 —·-
518 1470 600 1551 esto]
622 1472 770 1551 Vulgaris
792 1471 928 1547 lorrrrcla,
951 1471 1062 1531 litteris
1085 1469 1248 1531 initialibus
1271 1468 1362 1533 scribi
1385 1491 1433 1534 so-

154 1592 218 1654 lita.
263 1590 430 1670 „Streraps,
452 1588 567 1663 similis,
591 1589 702 1650 eadem.
738 1589 822 1667 luips.
844 1588 951 1668 Antiq.
973 1587 1059 1648 Lect.
1081 1585 1104 1646 l.
1129 1584 1177 1646 l.“
1194 1590 1318 1648 annotat
1333 1586 1432 1648 Heinr.

234 1726 367 1789 pascere
388 1704 509 1766 bertum
531 1701 607 1784 ete.)
638 1704 775 1765 Brisson.
798 1702 951 1780 vulgatam
974 1705 1095 1763 secutus
1117 1707 1180 1780 est3
1210 1700 1336 1764 Corrad.
1364 1722 1435 1783 pro-

154 1823 259 1902 ponit:
281 1830 391 1895 sentes,
413 1839 522 1900 vepres
544 1840 663 1893 eruere,
683 1838 742 1900 per
763 1819 944 1880 Curatores:
966 1818 1016 1898 qui
1037 1818 1186 1898 quomodo
1209 1818 1349 1897 singulas
1370 1839 1437 1880 sen-

157 1939 268 1998 tentias
297 1937 507 1996 coniunxerint
536 1937 566 1994 et
587 1933 760 2013 retulerint,
784 1952 841 2010 non
863 1952 1020 2014 assequor.
1064 1933 1195 1996 Polenus
1218 1935 1307 1995 codd.
1331 1921 1437 1996 lectio-

157 2072 224 2114 nem
246 2052 417 2128 expressit,
449 2051 562 2112 omisso
585 2060 687 2111 sentes
716 2053 747 2110 et
771 2049 876 2110 lacuna
901 2048 1015 2111 relicta.
1058 2051 1117 2112 llio
1147 2053 1194 2112 vir
1221 2051 1351 2129 doetus,
1382 2053 1438 2132 «put,

157 2171 326 2249 respiciens
348 2169 384 2228 ad
405 2163 474 2229 Art.
494 2171 568 2242 118,
597 2166 646 2226 ubi
670 2167 707 2226 de
729 2166 830 2227 reditu
851 2166 1046 2245 occupatione
1068 2167 1111 2228 ud
1132 2171 1180 2229 ius
1203 2187 1350 2248 operarum
1369 2187 1440 2248 per-

158 2289 311 2349 tinentium
332 2303 429 2346 sermo
453 2289 509 2360 est,
533 2282 677 2344 credibile
700 2300 769 2343 esse
789 2285 886 2362 putot,
909 2283 1076 2361 vectigalia
1092 2285 1275 2362 pependisse
1288 2301 1354 2362 eos,
1376 2283 1440 2363 qui-

159 2402 215 2463 bus
239 2403 318 2463 circa
340 2402 466 2477 duetus,
495 2417 622 2479 pascere
643 2398 763 2460 herbam
787 2402 818 2460 et
839 2402 938 2459 lenum
960 2416 1064 2459 secare
1085 2401 1295 2478 permisissent
1316 2397 1442 2460 Curato-

159 2537 214 2583 res
231 2536 380 2599 aquarum,
404 2516 579 2577 sententiam
602 2516 698 2575 fuisse
720 2516 845 2576 coniicit
865 2513 961 2576 banc:
985 2519 1139 2597 quominus
1162 2519 1191 2575 in
1215 2535 1250 2577 eo
1276 2517 1347 2576 loeo
1368 2535 1443 2598 pas-

161 2632 383 2711 caeternum,
405 2633 507 2713 senum
528 2651 639 2692 secare
656 2634 780 2713 possint
795 2634 856 2692 nisi
877 2635 916 2706 a,
945 2631 1050 2713 petbus
1068 2635 1263 2712 permiserint
1282 2633 1445 2693 Curatores

161 2771 317 2832 aquarum.
361 2747 436 2811 Seli.
460 2748 559 2809 locum
589 2747 667 2808 locrio
689 2748 718 2807 in
740 2748 856 2808 modum
880 2747 1054 2808 constituit:
1085 2747 1249 2836 Quantinus
1271 2751 1338 2830 puts
1360 2753 1444 2809 tneo

162 2867 231 2926 loeo
253 2869 355 2947 possit
372 2883 505 2944 pascere
521 2863 652 2936 terbum,
672 2863 774 2943 senum
790 2882 910 2942 secure,
931 2872 1031 2924 sentes
1048 2883 1160 2939 serere,
1182 2863 1320 2940 ardores,
1342 2883 1448 2946 vepres

162 2981 213 3042 cet
234 2983 328 3056 vites,
362 2987 467 3039 curent
487 2979 655 3039 Curatores
676 2996 840 3062 aquarum,
870 2982 921 3059 put
948 2998 1027 3038 nunc
1054 2990 1124 3040 suat
1151 2985 1258 3063 quique
1288 2989 1395 3060 erant,
1419 2987 1450 3039 nt

166 3101 253 3158 circo
273 3097 354 3176 font.
391 3099 449 3156 cto.
493 3093 650 3155 Sententia
678 3094 721 3172 ei,
754 3111 837 3174 quam
868 3094 935 3155 Pol.
962 3095 1108 3174 reddidit,
1135 3115 1260 3174 prorsus
1291 3098 1447 3157 contraria.

163 3215 273 3279 Fateor
301 3217 415 3291 autern,
445 3213 545 3272 mirum
575 3209 645 3269 nrilri
674 3211 791 3288 videri,
827 3212 906 3292 quod
937 3229 974 3270 ne
996 3230 1122 3288 pascere
1144 3211 1264 3274 herbam
1295 3213 1449 3293 senumque

166 3348 271 3394 secare
294 3328 411 3411 quidem
434 3329 525 3387 luerit
546 3345 604 3386 non
628 3325 777 3404 illicitum3
807 3344 882 3408 quae
904 3345 970 3404 res,
993 3331 1095 3389 nostra
1116 3347 1233 3408 quoque
1256 3332 1355 3389 aetate
1378 3327 1449 3388 locis

164 3446 295 3526 publicis
318 3444 449 3525 alioquin
472 3442 578 3503 vetitis
600 3459 758 3517 concessa,
782 3443 921 3504 ductibus
944 3441 1016 3503 nibil
1039 3444 1192 3523 nocnerit,
1216 3447 1303 3506 iromo
1325 3446 1450 3506 reditum

167 3562 283 3622 civitati
310 3559 472 3638 paraverit.
515 3558 585 3634 Ego
614 3557 657 3618 sie
688 3561 799 3618 statuo.
842 3558 972 3619 Poscere
1001 3558 1120 3619 herbam
1148 3564 1179 3622 ct
1206 3561 1305 3622 lenum
1336 3578 1450 3634 secare,

166 3695 226 3739 non
249 3674 395 3754 estquod
417 3691 561 3749 negemus
583 3672 659 3734 hane
687 3691 746 3733 rem
769 3691 786 3732 a
808 3673 931 3734 civitate
953 3676 1048 3735 luisse
1072 3692 1263 3753 concessam,
1293 3677 1381 3738 irnnro
1405 3677 1452 3735 lo-

167 3796 264 3852 catum
286 3791 381 3850 luisse
404 3790 588 3850 terminatum
609 3792 682 3868 puto
707 3807 828 3869 caraque
850 3792 1004 3869 pecuniam
1032 3793 1161 3855 rediisse
1189 3792 1219 3853 in
1245 3793 1408 3868 aerarium,
1436 3808 1451 3849 c

169 3926 226 3989 qno
251 3905 388 3984 publicae
418 3905 547 3966 farniliae
569 3905 723 3967 commoda
745 3905 904 3984 dabantur3
933 3908 970 3968 de
993 3926 1050 3987 quo
1073 3909 1170 3969 reditu
1198 3908 1334 3989 pluribus
1356 3910 1460 3986 agitur

168 4025 238 4091 Art.
263 4025 332 4084 118.
375 4020 457 4082 Nihil
480 4025 575 4082 autem
599 4022 655 4099 iis,
678 4022 728 4102 qul
751 4023 933 4082 terminatam
957 4023 1184 4103 conduxerant,
1208 4025 1304 4100 inagis
1328 4024 1456 4105 impedi-

169 4143 270 4204 mento
294 4142 369 4214 erat,
393 4156 477 4218 (priam
501 4140 617 4214 sentes,
641 4137 776 4214 arbores,
801 4141 876 4216 etc.;
900 4140 1087 4219 quamobrem
1100 4135 1297 4202 Curatoribus
1319 4154 1455 4224 aquarum

166 4257 268 4335 datum
292 4255 446 4331 negotium
469 4257 534 4330 est,
558 4253 688 4315 utillud
711 4254 951 4332 impedimentum
974 4253 1141 4316 tolleretur.
1183 4256 1358 4319 Frontinum
1381 4275 1455 4320 vero

172 4375 275 4432 nostro
299 4371 368 4432 loco
393 4370 508 4445 onnria,
538 4386 612 4448 quae
636 4369 734 4430 l'enum
757 4387 861 4432 secare
884 4370 1103 4448 impediebant,
1128 4391 1320 4435 enumerasse
1343 4376 1455 4436 verisi-

173 4487 243 4552 mile
269 4507 324 4550 non
344 4489 406 4562 ost,
430 4486 567 4566 qarouiam
589 4485 666 4547 inlra
688 4486 809 4548 alterins
834 4490 916 4548 erant
938 4488 1133 4569 exponenda3
1161 4492 1324 4570 praecipua
1346 4495 1457 4556 tantum
