2978 4988
467 357 539 434 DE
564 356 755 453 AQUAE
779 356 1060 438 nunninus.
1326 358 1377 435 bb

175 587 256 660 Non
282 589 411 682 dubito,
440 578 576 691 aliquos
610 603 859 686 annotaturoS,
899 591 994 689 quod
1026 592 1135 691 longe
1166 592 1277 669 maior
1300 591 1351 669 td

100 705 201 798 copia
227 705 315 779 actis
342 711 517 783 mensuris
542 711 682 784 inventa
708 711 778 801 sit,
817 732 920 814 quam
952 710 986 784 in
1018 708 1277 785 commentariis

97 913 428 936 Ἢ

140 1043 289 1122 arrepta)
312 1043 355 1106 V:
377 1055 504 1108 mama

139 1149 353 1218 annotataros]
375 1143 404 1205 V
425 1144 463 1209 F:
486 1155 661 1208 annotasse.
775 1132 778 1140 ¹

140 1242 279 1321 ira-eata)
304 1241 344 1307 U:
367 1248 511 1325 iaiancta,
533 1251 564 1308 ct
585 1266 622 1308 m.
645 1264 707 1308 sec.
729 1250 860 1309 inuecta.

141 1349 190 1400 est
210 1347 312 1415 error)
342 1342 370 1404 U
389 1345 431 1407 B:
455 1366 542 1409 error
563 1356 621 1408 est.

35 1471 38 1478 ·
141 1443 387 1525 araascaiasaae)
410 1442 455 1510 V:
479 1450 649 1531 rraitasqae.
687 1444 797 1506 Eadem
821 1442 973 1523 corruptio
994 1441 1175 1526 pauloinira.
1212 1438 1286 1502 Scir.

100 1537 182 1598 addit
203 1557 312 1622 omme.
333 1543 494 1621 lntciiigoc
518 1546 748 1625 uniuscuiusque
771 1547 888 1624 copiae.

138 1635 296 1720 lacerarat)
317 1641 363 1704 lta
384 1644 474 1704 codd.
498 1648 529 1707 et
549 1643 651 1724 piures
674 1645 744 1707 edd.
767 1645 845 1708 Pol:
866 1647 983 1726 secas.

142 1744 235 1811 mera)
257 1739 361 1817 Lego:
383 1751 474 1820 mota,
497 1745 517 1804 i.
540 1762 569 1805 c.
591 1760 692 1804 causa.
714 1763 746 1807 v.
768 1743 868 1806 chx.
890 1741 1047 1806 Vocabuia
1061 1747 1143 1833 mota
1163 1743 1195 1802 et
1209 1744 1288 1801 meta

102 1840 134 1895 at
156 1836 243 1898 tacite
261 1843 309 1902 est
329 1842 407 1903 inter
429 1861 463 1903 se
485 1846 663 1923 permutare,
686 1843 727 1907 ita
748 1847 817 1907 sunt
837 1846 1003 1927 permutata
1013 1840 1144 1922 saepius.
1166 1837 1287 1902 lichni·

102 1935 137 1995 ad
159 1935 268 1999 Vellei.
290 1957 321 2017 p.
347 1943 413 2001 146.
437 1941 576 2006 uulua.
1316 1945 1322 1958 ⁶

142 2048 196 2098 aar
216 2033 309 2118 sico.)
333 2039 459 2105 VFB:
482 2062 523 2103 ac
543 2048 619 2104 sico.

126 2135 252 2212 obstat,
275 2136 455 2219 quadrato.)
499 2139 587 2208 GU:
614 2141 804 2206 obstantibus
824 2141 907 2227 qaod
930 2145 981 2223 ips
982 2181 1183 2202 ·······
1204 2156 1289 2201 meo·

101 2239 192 2295 saris.
236 2234 280 2297 V:
302 2236 493 2301 obstantibus
513 2240 632 2324 paridam
660 2246 740 2324 ipsis
764 2245 923 2305 mandans.
964 2239 1050 2303 add:
1080 2236 1289 2301 constantibus

102 2335 219 2411 paridem
241 2339 320 2418 ipsis
340 2343 497 2402 mensuris.
540 2339 605 2402 Pol.
626 2340 747 2403 lacunas
767 2340 938 2422 relinquens
967 2335 1106 2421 (abanet
1133 2376 1270 2397 .....
1279 2379 1289 2414 ,

102 2426 182 2494 abad
203 2439 281 2516 ipsis
303 2479 503 2499 .......
524 2442 686 2512 mensoris)
708 2440 884 2502 sententiam
905 2455 976 2501 csse
996 2439 1082 2519 putat
1102 2434 1194 2501 branca
1232 2433 1289 2498 ob-

101 2541 186 2593 stant
205 2533 445 2613 observationes,
467 2543 628 2617 propterea
642 2538 724 2616 pand
742 2541 824 2620 ipsis
837 2536 914 2600 actis
930 2538 1079 2601 masuris
1090 2532 1178 2597 datio
1190 2552 1291 2596 menso

104 2632 143 2699 [i.
167 2651 195 2692 e.
226 2639 297 2711 post
322 2636 406 2715 ipsas
434 2642 517 2698 actas
544 2657 647 2717 mense
674 2636 755 2702 unua
778 2654 947 2714 mensuras,
974 2653 1048 2719 quas
1068 2638 1136 2698 anto
1158 2629 1288 2712 tradidi)

104 2730 248 2814 deinceps
275 2733 355 2796 banc
384 2739 619 2816 aniasoaiaspae
643 2755 737 2820 aqaac
764 2738 914 2799 inventam
942 2738 1062 2817 copiam
1089 2736 1154 2796 tota
1173 2734 1290 2795 aestate

104 2830 275 2908 durantem,
301 2836 439 2914 repetitis
468 2830 633 2915 arensuria,
661 2836 821 2918 exploravi
843 2832 883 2917 (i.
906 2853 934 2896 o.
957 2833 1142 2914 explorando
1164 2832 1289 2896 candem

103 2931 202 2990 inveni
226 2930 408 3014 durantem).
452 2935 578 3000 Corrad.
607 2939 655 3008 (ct
674 2954 739 2999 cnm
761 2955 798 2998 co
820 2935 947 3008 Adler.)
975 2932 1072 3012 legit:
1099 2930 1287 2995 obstantibus

104 3045 218 3106 aaronem
239 3036 378 3112 ipsismet
396 3040 551 3110 mensuris,
563 3035 649 3097 datio
669 3056 769 3099 mense
790 3036 870 3097 banc
885 3054 937 3096 an.
959 3033 1070 3096 Heinrr
1093 3032 1196 3095 obstat
1209 3028 1291 3109 qaod

104 3132 229 3208 ipsamet
249 3138 404 3197 raensaris.
447 3133 525 3198 Scir:
548 3135 792 3214 obstantibaspae
812 3139 892 3217 ipsis
913 3137 1070 3197 amaris·
1092 3133 1122 3192 in
1142 3131 1207 3194 not·
1229 3141 1289 3191 0ῐό

105 3228 249 3290 obsten'is
271 3248 388 3310 paoaae
409 3237 488 3314 ipsis
509 3235 617 3297 iisdem
637 3239 795 3297 mensuris.
826 3252 866 3295 cx
886 3233 969 3297 Festi
989 3232 1168 3293 auctoritate
1190 3226 1289 3291 obsti-

104 3338 153 3388 net
174 3339 204 3390 ct
227 3333 361 3394 «ascendit
391 3335 492 3396 eadem
516 3334 607 3397 verba
629 3354 700 3396 csse
721 3337 873 3396 annotans.
915 3333 1044 3394 Nostrae
1073 3319 1289 3392 emendationis

106 3414 310 3508 interpretatio
333 3433 408 3494 ilaec
430 3441 497 3498 cst:
528 3439 682 3516 postquam
706 3434 772 3513 ipso
794 3432 878 3495 Julio
900 3448 1014 3506 mcnsc,
1041 3430 1063 3490 i.
1086 3447 1115 3489 c.
1136 3430 1208 3507 post
1228 3425 1290 3487 lni-

106 3529 173 3589 timn
196 3534 330 3609 aestatis,
353 3538 437 3595 actae
460 3552 613 3596 memmae
636 3539 714 3611 sunt,
739 3536 858 3595 inventa
874 3530 927 3593 ino
950 3534 1083 3608 tempore
1100 3525 1291 3590 uniuscuius-

107 3648 161 3707 que
184 3648 276 3710 aaaron·
299 3636 386 3712 copia
410 3638 472 3694 tota
495 3636 637 3711 deinceps
659 3639 773 3694 acastate
796 3632 854 3691 sibi
876 3630 1022 3691 constitit.
1065 3627 1193 3689 Sensum
1221 3624 1291 3708 qui·

108 3728 170 3788 dem
193 3731 267 3791 lnaud
292 3735 332 3794 ita
354 3735 550 3813 spernendam
574 3736 689 3795 exserit
715 3735 801 3792 otiam
825 3730 893 3791 codd.
910 3728 1013 3804 lectio,
1035 3730 1118 3790 recte
1137 3724 1311 3797 distincita>

108 3831 159 3888 sm!
184 3831 283 3892 obstat
301 3836 379 3915 ipsis
387 3852 400 3908 ,·
423 3834 606 3894 incommodo
630 3834 761 3909 iungitur
783 3850 820 3890 aa
843 3827 980 3905 credam,
1003 3828 1180 3909 exploraoi;
1203 3826 1291 3889 drini-

108 3948 162 4006 aac
190 3930 255 4006 ipsa
283 3935 430 3994 sententia
458 3932 509 4007 ea,
539 3952 624 4009 quam
647 3936 748 3993 nostra
770 3928 977 3990 carendotiono
999 3926 1168 4008 intulimus,
1195 3926 1288 3990 multo

109 4035 155 4088 cst
178 4031 309 4092 inierim.

148 4127 321 4211 (terranem)
343 4133 361 4193 J
384 4136 415 4194 ct
436 4149 503 4196 rec:
527 4133 655 4194 oberrante
677 4132 909 4212 exploraverim.
987 4131 989 4135 ’

149 4244 226 4304 arrae
245 4233 421 4310 praecedit]
444 4233 547 4309 hono:
571 4254 591 4292 a
614 4250 672 4310 aaa
692 4230 832 4312 procedit
853 4230 943 4306 ittam,
967 4233 1067 4306 ntique
1089 4226 1149 4288 det.
1183 4225 1293 4302 Utique

111 4327 363 4406 injudicabilis
408 4333 542 4395 Huius.
587 4333 758 4393 Eruendatio
788 4350 957 4406 congruens
986 4327 1109 4388 lectioni
1133 4326 1151 4387 J
1174 4326 1206 4386 ct
1225 4341 1289 4385 roc.
1321 4326 1328 4338 '

111 4424 141 4486 ln
163 4429 192 4490 V
210 4429 231 4491 F
256 4432 346 4494 rerba
367 4443 414 4495 est
434 4454 531 4494 caasa
553 4455 630 4517 arrae
648 4432 809 4514 praecedit
831 4431 1049 4491 dcsidcrnntnr.
