2978 4988
96 316 138 395 X
158 356 161 361 ·
574 304 897 398 estanneio.

97 558 138 627 ul
167 550 289 649 plures
318 549 454 648 aliquot
486 549 618 624 litteras
652 550 687 623 in
715 550 829 625 lucem
854 550 999 627 dederit.
1032 592 1083 607 -
1115 549 1381 652 significabitur

97 682 155 757 liic
178 681 295 757 codex
318 683 432 757 littera
456 682 503 761 U.

121 874 124 881 .
197 814 343 889 Tertius
385 824 441 889 cst
475 812 664 893 OODEX
696 816 734 889 V
735 813 1036 921 AquANUS,
1079 815 1380 911 membranaceus,

97 946 260 1047 signius
285 947 367 1023 bibl.
392 948 479 1022 Vat.
506 972 581 1023 uro.
607 946 716 1022 mos.
765 945 806 1022 ls
829 971 969 1045 quoque
996 947 1100 1023 nitide
1126 949 1280 1045 scriptus
1298 971 1383 1022 esse

98 1080 228 1185 immi,
262 1078 445 1177 eidemque
477 1081 681 1178 assignatur
718 1082 884 1177 tempori,
920 1083 977 1154 cui
1011 1080 1177 1159 Urbinas.
1227 1080 1288 1154 De
1314 1104 1385 1177 quo

96 1212 257 1289 Puleuus
281 1236 316 1311 p.
331 1210 403 1287 20:
433 1212 612 1305 „Urbinas
638 1210 743 1285 valde
768 1212 815 1286 illi
842 1226 1017 1310 praestat:
1046 1212 1185 1288 videtur
1209 1214 1299 1286 enim
1321 1237 1384 1310 per

97 1354 218 1446 partes
250 1344 470 1442 descriptus3
509 1355 699 1441 partesque
734 1345 937 1442 perturbato
965 1344 1085 1419 ordine
1110 1347 1199 1419 inter
1225 1369 1268 1420 se
1294 1370 1383 1424 con-

97 1477 236 1553 iunctae
262 1487 363 1551 sunt:
398 1475 556 1574 plurimis
590 1477 692 1551 etiam
725 1487 839 1551 scatet
863 1477 1010 1574 mendis
1037 1481 1083 1551 ut'
1101 1503 1164 1574 pro
1190 1488 1291 1552 certo
1317 1476 1382 1550 lia-

97 1610 220 1707 bean,
253 1633 324 1685 nou
349 1633 395 1682 ex
418 1608 499 1706 ipso
525 1606 737 1685 cassinensi
764 1608 907 1706 codice,
944 1608 1011 1683 sed
1047 1634 1092 1684 ex
1119 1609 1186 1684 alio
1212 1584 1394 1684 mendoso¹

98 1742 290 1840 nummati
322 1741 435 1821 luisse
470 1739 686 1839 descriptum
718 1743 892 1839 nouisque
927 1742 1106 1815 erroribus
1132 1742 1379 1839 inquinatum.“

96 1874 189 1952 Plus
213 1872 295 1948 lldei
318 1871 502 1970 laudisque
528 1871 609 1947 huic
634 1873 758 1970 codici,
784 1875 820 1947 in
843 1854 982 1948 Polcni-
1000 1874 1137 1949 scilicet
1161 1875 1382 1972 vituperium,

96 2005 250 2093 vindicat
272 2003 491 2093 Sububuius.
527 2005 627 2105 Ego
659 2022 846 2103 postquam
882 2031 964 2080 eum
988 2008 1189 2082 accuratius
1213 2030 1384 2103 perscru-

97 2148 194 2244 tus·
214 2162 308 2236 sum,
336 2138 403 2211 hoc
427 2136 592 2212 iudicium
615 2140 746 2236 recepi.
796 2138 857 2213 Ex
882 2140 1065 2237 permultis
1089 2140 1179 2215 locis
1204 2140 1385 2237 gravissi-

97 2273 189 2370 nic,
211 2271 288 2369 „qui
325 2294 405 2345 canu
443 2267 658 2347 (lassineusi
696 2282 731 2346 et
766 2271 936 2349 Urbinate
970 2283 1135 2348 accurate
1170 2273 1384 2370 conspirans

97 2404 321 2483 muressis
345 2411 412 2500 est,
426 2403 639 2478 Vaticanum
665 2406 787 2502 partim
814 2403 859 2478 ad
883 2404 964 2479 illos
991 2405 1135 2480 codices
1163 2401 1248 2479 esse
1274 2405 1386 2480 redu-

98 2536 266 2630 cendum
300 2534 367 2611 sed
390 2537 571 2611 varietatis
595 2561 681 2637 pars
707 2538 814 2611 multo
840 2539 951 2610 nmior
977 2538 1048 2612 illis
1075 2549 1132 2612 est
1156 2537 1383 2633 alienissima⁷

100 2681 138 2747 et
169 2694 217 2750 ex
248 2669 316 2761 alio
348 2668 595 2743 diversissimo
629 2671 751 2744 nescio
778 2693 847 2765 quo
874 2669 998 2744 codice
1021 2672 1133 2768 repeti
1160 2670 1275 2745 debet.
1323 2669 1383 2744 na

97 2826 197 2909 vero,
223 2801 412 2898 inquibus
436 2826 459 2875 a
484 2799 697 2877 cassinensi
730 2813 766 2874 et
792 2801 961 2879 Urbinate
994 2802 1117 2897 differt,
1158 2803 1240 2876 licet
1273 2826 1383 2900 saepe

99 2936 170 3012 siut
197 2934 258 3009 ¹vel
291 2935 471 3033 pessimae
502 2943 618 3027 notae,
657 2934 779 3030 partim
814 2960 925 3031 prava
958 2937 1148 3010 verborum
1189 2936 1385 3009 sententia-

99 3091 245 3165 rumque
257 3067 481 3163 intelligentia
504 3077 591 3158 orta,
619 3067 743 3163 partim
763 3092 784 3139 a
806 3091 943 3141 summa
968 3047 1184 3166 negligentia
1211 3070 1386 3145 omnium·-

99 3224 170 3300 quc
200 3223 316 3274 rerum
351 3199 558 3273 contusione
591 3198 760 3296 prolecta,
800 3199 904 3274 nihilo
942 3201 1057 3274 minus
1091 3200 1147 3275 hic
1182 3199 1296 3274 codex
1331 3211 1389 3275 est

100 3328 361 3435 respiciendus:
397 3333 527 3429 quippe
553 3332 611 3428 qui
636 3331 742 3404 multa
768 3329 894 3406 babeat
919 3332 1123 3429 singularia,
1151 3342 1261 3407 arbem
1287 3335 1386 3407 criti-2

100 3474 178 3542 caui
202 3464 328 3564 agenti-
344 3489 414 3538 non
441 3462 650 3560 spernenda,
687 3473 732 3558 et
773 3464 866 3561 quod
890 3467 1081 3538 maximum
1107 3475 1173 3562 est,
1213 3466 1388 3561 originem

100 3599 346 3700 pemitltarum
370 3597 475 3671 uobis
500 3595 658 3671 recludat
688 3598 958 3693 corruptionum,
999 3597 1148 3694 quaein
1175 3594 1387 3672 editionibus

99 3730 280 3809 vetmibus
306 3727 620 3827 deprehenduntur.
671 3726 903 3826 significatur
927 3754 948 3802 a
972 3753 1029 3803 me
1056 3727 1262 3826 compendio
1289 3730 1340 3804 V.

200 3864 352 3938 Praeter
385 3859 450 3935 lios
483 3871 559 3934 tres
590 3859 736 3934 codices
763 3861 837 3958 jam
872 3861 1056 3936 aPolcno
1081 3861 1256 3936 adhibitos
1283 3887 1386 3960 coin-

101 4004 334 4075 memorantur
367 3994 429 4069 alii
456 3992 538 4086 duo.
588 3991 695 4067 Alter
729 4003 786 4067 est
819 3992 863 4066 de
896 4017 1041 4066 numero
1076 3993 1246 4087 codicum,
1294 4016 1386 4089 quos

59 4158 62 4162 ·
101 4128 261 4230 possidet
280 4126 407 4201 'l'lroru
428 4124 601 4222 Philipps,
628 4127 828 4200 Baronetus
849 4124 1165 4218 Middleliillensis;
1189 4126 1246 4198 oui
1271 4127 1386 4202 codici

101 4264 237 4339 insuunt:
270 4261 463 4335 Frontinus
491 4256 535 4331 de
557 4256 745 4354 Aquaed.;
772 4256 933 4354 ejusdem
958 4266 1229 4354 strategemata;
1254 4258 1385 4335 Isidori

102 4393 327 4495 Hispalensis
353 4390 561 4482 clu·onicon;
603 4390 819 4465 abbreviatio
845 4380 950 4463 Pauli
974 4389 1195 4464 Warnelridi
1221 4391 1384 4469 debello

102 4524 439 4627 langobardorum
478 4522 610 4598 Petrus
636 4521 929 4599 Bibliothecarius
962 4522 1005 4599 de
1032 4521 1174 4598 historia
1202 4523 1384 4601 Gallorum
