2978 4988
514 303 958 390 ANNO'I'A'PIONUS.
1317 316 1393 392 227

100 543 291 604 diuersorum
308 563 522 623 possessorum
540 544 671 605 directae
694 547 824 623 inerunt,
847 550 987 626 agrestes
1004 569 1059 630 per
1080 570 1185 630 agrum
1203 553 1290 614 unius
1307 553 1392 618 ciur-

102 661 229 741 demque
252 662 488 741 possessoris“;
518 680 602 744 quam
632 679 697 723 emn
720 661 897 742 Schultuio‚
927 666 1016 729 modo
1042 685 1102 729 non
1130 670 1206 730 satis
1227 670 1391 751 perspicuo

101 777 267 838 reddente:
298 777 423 856 „Dori-
447 777 505 838 und
527 776 733 855 Feldwege.-“
776 778 900 841 Minime
922 785 1019 842 tamen
1039 801 1133 862 nego,
1156 784 1304 846 vicinales
1324 786 1393 845 virs

102 894 242 971 potuisse
266 895 353 954 etiam
376 895 420 955 ita
442 912 460 954 a
479 893 714 972 possessoribus
736 895 873 974 instItui‚
896 901 928 957 ut
948 896 992 958 ad
1012 901 1100 959 ciens
1122 899 1284 979 ducerent3
1306 919 1392 982 quarn

104 1010 235 1070 nativam
257 1007 400 1069 termulae
424 1011 576 1071 notionem
598 1010 694 1071 fuisse
717 1012 828 1072 asserit
849 1009 1008 1090 Ulpianus.

181 1120 319 1205 formes}
356 1125 490 1186 Polenus
526 1129 558 1186 ct
586 1125 774 1187 Uercellinus
800 1127 919 1206 formas
945 1127 1034 1190 buius
1062 1129 1122 1190 loci
1159 1131 1392 1211 interpretantur

101 1240 365 1321 „aquaeductus.“
408 1240 456 1303 De
486 1260 544 1323 qua
571 1241 795 1320 significatione
829 1243 915 1322 plura
943 1243 1086 1323 leguntur
1115 1265 1163 1324 ap.
1192 1246 1329 1308 Brissen.
1359 1250 1391 1311 in

101 1354 241 1416 Sebardii
271 1356 346 1417 Lex.
368 1356 464 1422 durid.
508 1354 556 1420 Ct.
580 1358 664 1437 Lips.
693 1359 730 1421 de
746 1358 877 1438 Magnit.
900 1359 987 1424 Rom.
1010 1359 1064 1421 111.
1090 1366 1137 1424 11.
1160 1382 1191 1440 p.
1216 1367 1286 1426 181.
1309 1362 1390 1424 Ant-

101 1490 188 1552 verp.
223 1476 311 1535 1598.

716 1681 785 1740 121.

183 1824 301 1906 meros]
325 1828 347 1888 i.
371 1846 398 1889 c.
422 1828 664 1892 substructiones
686 1829 826 1893 rivorum.
848 1829 916 1890 Pol.
945 1833 985 1891 ct'.
1008 1829 1082 1893 Sob.
1101 1829 1169 1892 VU.
1196 1835 1244 1890 18.

185 1945 292 2024 quinos
314 1941 410 2006 denes
428 1943 545 2028 pedes)
580 1945 648 2007 Hoc
670 1947 699 2005 in
721 1945 791 2007 ioco
814 1947 932 2006 maximi
954 1947 1094 2008 momenti
1119 1950 1167 2008 est
1188 1945 1389 2007 consideratio

102 2059 284 2137 posterioris
306 2062 532 2123 constitutionis
555 2054 745 2125 Constantini
765 2061 831 2140 M„
861 2063 993 2124 nimirum
1016 2063 1114 2142 leg-is,
1137 2064 1292 2144 niquarum
1310 2079 1390 2144 pos-

102 2191 258 2250 sessores,
290 2174 314 2235 l.
338 2173 416 2238 Cod.
438 2176 595 2240 Theodos.
625 2180 672 2239 tit.
697 2178 736 2240 de
756 2179 981 2261 Apauednctn5
1012 2196 1087 2258 quiae
1109 2178 1162 2238 lex
1184 2181 1233 2239 est
1254 2179 1342 2239 etiam
1364 2173 1389 2238 1.

104 2287 183 2350 Uod.
207 2291 314 2351 eodem
337 2290 383 2353 tit.
426 2291 501 2352 Eius
524 2294 632 2353 etenim
654 2293 735 2370 legis
757 2293 833 2354 baec
856 2292 949 2354 verba
970 2298 1057 2353 sunt:
1084 2295 1240 2374 Apamam
1260 2311 1390 2375 posses-

101 2422 205 2479 sores,
231 2425 289 2487 per
322 2424 443 2488 quoram
462 2407 538 2487 fines
555 2409 722 2489 formarum
742 2418 858 2471 meatum
879 2418 1048 2482 transeant,
1071 2407 1110 2468 ab
1132 2408 1391 2471 extraordinariis

103 2520 245 2583 erroribus
266 2523 404 2584 solemus
424 2543 495 2586 esse
517 2529 657 2586 irnmnaes
679 2530 737 2586 ete.
781 2525 950 2587 Praeterea
977 2528 1061 2587 seire
1089 2544 1144 2586 eos
1165 2533 1306 2606 oportet,
1332 2545 1391 2607 per

104 2657 228 2719 quorum
247 2638 384 2720 praedia
406 2638 516 2702 dactus
538 2651 716 2721 commeent,
745 2650 779 2704 nt
807 2642 917 2704 dextre
945 2641 1096 2724 laesaque
1124 2641 1262 2722 deipsis
1281 2640 1390 2721 formis

103 2754 272 2835 quindecim
291 2755 425 2837 pedibas
446 2761 625 2818 intermissis
646 2757 774 2819 arbores
795 2757 938 2819 babeant.
961 2756 1052 2819 Pol..
1105 2810 1108 2816 .

186 2870 637 2954 intracontinentiaaedifieia}
662 2873 818 2934 Librorum
840 2874 932 2935 tectio
954 2877 1067 2934 variam
1089 2877 1200 2936 sortem
1223 2875 1302 2936 tulit.
1319 2875 1388 2969 Pop.

103 2987 245 3065 praefixit
265 2993 311 3064 si,
341 2987 538 3066 intelligensz
566 2991 592 3049 st
614 2991 798 3053 continentia
819 2993 925 3051 essent
947 2990 1094 3050 aedificia.
1139 2987 1263 3051 Corrad.
1293 2991 1389 3069 legit:

103 3107 289 3165 continentia
310 3104 669 3187 aedilicia-relinquant,
692 3108 804 3167 ceteris
826 3107 995 3167 immutatis.
1039 3104 1130 3167 Sena
1154 3109 1184 3165 in
1206 3110 1388 3167 contineati-

102 3218 156 3280 bus
177 3219 337 3300 aedificiis.
383 3220 478 3307 Quum
505 3220 646 3281 librorum
669 3219 761 3282 lectio
784 3239 886 3282 manca
906 3221 975 3280 risa
997 3224 1091 3296 esset,
1114 3220 1296 3298 aptissimam
1313 3222 1388 3281 duxi

102 3337 294 3414 medicinam,
324 3336 501 3414 praeposito
531 3339 615 3397 imru
641 3340 760 3398 t'aetam.
811 3335 938 3399 Scilicet
971 3335 1065 3396 rerba
1093 3339 1175 3396 intra
1202 3341 1389 3398 continentia

100 3452 246 3532 aedificia
268 3453 380 3512 inserta
401 3450 569 3513 aFrontino
592 3456 662 3514 sunt
683 3454 720 3514 ad
737 3452 915 3531 explicanda
935 3452 1146 3530 praecedentia
1167 3461 1257 3513 curra
1270 3451 1391 3532 Urbem,

101 3567 159 3628 boe
181 3569 286 3628 modo:
310 3569 387 3627 intra
409 3564 518 3630 Urbem
542 3572 573 3630 et
595 3574 681 3631 extra
702 3568 823 3647 Urbem,
846 3587 951 3648 nempe
974 3569 1051 3628 intra
1075 3569 1258 3629 continentia
1279 3569 1388 3631 aediti·-

101 3686 158 3744 eia.
202 3682 346 3745 Omittere
369 3685 456 3744 etiam
480 3683 533 3744 iila
561 3693 700 3747 electra
723 3684 831 3747 Urbem
857 3683 1016 3744 Frontinus
1046 3685 1163 3762 potuit,
1193 3687 1224 3744 et
1252 3684 1387 3746 scribere

100 3804 227 3863 tantum:
263 3805 345 3862 intre
368 3798 476 3862 Urbem
498 3809 528 3862 et
552 3804 634 3861 intre
657 3803 841 3863 contineatis
861 3799 1017 3879 aedificia.
1063 3796 1112 3861 Ct'.
1133 3799 1202 3860 Art.
1226 3804 1302 3861 104:
1336 3805 1388 3882 pai

100 3922 132 3978 in
162 3917 242 3980 Urbe
264 3925 365 3978 essent
391 3920 531 3998 intraque
560 3915 705 3997 aedificia
736 3916 811 3980 Urbi
841 3919 1013 3977 coniuncta.
1056 3913 1125 3974 Art.
1152 3918 1227 3977 129:
1255 3921 1286 3977 in
1313 3915 1387 3977 urbe

100 4031 200 4094 Rome
221 4042 251 4093 et
271 4037 301 4094 m
325 4036 364 4093 iis
385 4032 554 4113 aediliciis,
584 4052 660 4114 qaae
681 4033 748 4095 urbi
770 4034 955 4096 continentia
975 4040 1054 4092 sont.
1097 4029 1145 4092 De
1168 4032 1275 4113 quibus
1297 4032 1386 4093 aedi-

99 4149 176 4210 ficiis
198 4169 231 4208 v.
254 4147 327 4210 Scb.
349 4147 434 4210 vill.
457 4155 487 4210 5.

183 4260 413 4345 exciderentur]
445 4263 590 4327 Codicum
614 4265 775 4327 tectionem
796 4265 927 4326 retinent
948 4261 1072 4327 Corrad.
1090 4265 1122 4324 et
1142 4262 1232 4341 Sem,
1260 4280 1382 4344 quorum
1479 4336 1482 4341 ,

101 4377 152 4437 itte
165 4377 300 4454 aitrrmat,
323 4384 474 4460 excipere,
496 4399 552 4461 pro
575 4379 756 4460 „extrahere
779 4384 810 4441 et
832 4379 1020 4459 exstirpare
1044 4395 1202 4439 occurrere
1224 4377 1303 4456 apud
1323 4378 1382 4441 bo-

100 4515 157 4557 nos
179 4493 354 4574 scriptores,
380 4493 501 4558 Celsum
524 4500 555 4558 et
576 4496 665 4559 aiios.
695 4498 871 4560 Atieruntur
893 4500 975 4558 certe
997 4513 1014 4557 a
1034 4492 1204 4556 Foreellino
1228 4492 1380 4573 duodeci,

1087 4573 1162 4644 15*
