2978 4988
560 250 883 330 nnnnrnrro.
1004 208 1007 213 ’
1205 251 1366 331 xxxv
1418 364 1421 369 .

83 489 232 587 perionis
265 487 390 563 aetaiis
428 488 657 586 scriptorem:
698 496 735 561 et
771 487 806 560 in
831 487 943 585 primo
976 510 1056 562 meo
1091 483 1264 560 eiusmodi
1296 509 1362 560 co-

81 633 163 696 natu
195 620 443 720 indulgentiam
476 619 630 693 iudicum
661 619 799 694 invoco.
848 619 1024 696 Dicamne
1049 618 1095 693 de
1120 619 1209 693 meis
1235 642 1364 692 recen·

79 753 181 826 sendi
220 765 255 828 et
291 751 482 826 illustrandi
519 752 683 825 men'tisl
732 751 896 825 Aliorurn
928 751 964 825 id
988 750 1154 825 iudicium
1178 760 1269 825 esto.
1318 747 1365 828 si

72 890 136 982 .qu
162 896 280 960 autern
305 885 494 959 diiudicare
519 884 649 980 volent,
678 883 857 958 erroribus
883 883 1023 958 obviam
1048 884 1143 981 sacti,
1168 890 1365 980 temperent

77 1043 203 1116 precor
226 1018 388 1118 vituperii
414 1017 606 1114 acerbitati,
640 1016 879 1112 recordantes,
906 1040 975 1112 me,
1002 1015 1150 1092 idoneae
1173 1012 1363 1089 bibliothe-

76 1174 139 1224 cae
177 1149 374 1227 adiumento
412 1149 613 1225 destitutum
647 1148 866 1246 omniumque
896 1173 1012 1223 rerum
1038 1149 1184 1248 penuria
1208 1152 1363 1223 circum·-

76 1292 228 1378 ventum‚
255 1289 290 1359 in
310 1283 497 1359 solitudine
516 1307 629 1383 paene
647 1281 854 1357 intolerabili
879 1305 969 1380 opus
995 1281 1231 1356 difficillimum
1254 1308 1362 1383 pere-

75 1418 199 1511 gisse3
237 1427 275 1491 ut
299 1416 403 1515 aequi
427 1415 548 1492 iudicii
572 1416 714 1491 lenitate
740 1415 869 1514 erigar,
896 1438 965 1490 non
991 1415 1134 1514 frangar
1160 1415 1361 1494 acerbitate.

171 1745 320 1823 Summa
345 1758 523 1846 notarum,
550 1747 677 1845 quibus
701 1747 886 1825 brevitatis
911 1771 1023 1824 causa
1046 1772 1137 1824 usus
1162 1773 1261 1826 sum:

268 1879 303 1960 O
522 1880 638 1956 codex
663 1849 908 1958 dlassinensis.
951 1892 954 1899 '

570 2054 593 2071 ·
655 2013 821 2096 Urbinas.

571 2186 593 2203 -
655 2144 865 2223 Vaticanus.

571 2319 593 2336 ·
642 2278 843 2354 Parisinus.

536 2409 641 2486 editio
666 2410 1043 2487 Veneta-Florentino

147 2609 151 2617 .
570 2585 591 2600 ·
653 2545 801 2620 Juntina
825 2545 1102 2622 seu-Jocundi.

266 2674 302 2754 0
566 2715 587 2734 ·
644 2675 845 2779 (lpsopoei.

265 2808 319 2884 ed.
334 2835 440 2907 pr.=
561 2849 582 2868 -
644 2813 808 2912 princeps
835 2811 971 2890 Poleni.

265 2966 336 3017 rec.
398 2985 440 3015 =
564 2986 585 3002 -
648 2947 822 3023 recentior
847 2946 1012 3046 (ores).

263 3073 342 3150 Pol.
393 3115 434 3145 =
520 3077 693 3153 Polenus

263 3204 351 3283 Sclr.
390 3243 431 3274 =
521 3207 741 3286 Schultzius.

261 3339 434 3415 Heinr.=
507 3342 745 3420 Heinricbius.

163 3469 281 3549 Scrib.
306 3472 496 3552 Fimbricae
520 3499 643 3552 meuse
668 3473 817 3556 Octobr.
841 3476 1219 3563 nfflcccxxxlx.

270 2014 306 2092 U

267 2145 307 2222 V

265 2278 382 2353 Paris.

265 2413 299 2486 ll

264 2544 291 2618 J
